2692 4659
356 684 517 737 mm
545 682 708 726 SERMONES
724 683 763 725 nl>
779 681 929 725 NOVICIOS
954 681 1119 734 &mm

356 835 429 878 cum
454 835 493 877 eo
524 818 661 877 cenabit.
706 816 740 877 Si
772 817 863 876 solus
895 826 945 876 est
975 823 1008 875 et
1038 814 1118 892 legit

356 924 410 974 aut
432 924 516 974 orat:
549 914 641 972 lesus
662 912 732 972 vult
761 929 836 972 esse
858 913 1035 973 secundus.
1079 912 1115 988 Si

356 1011 420 1070 duo
442 1011 539 1070 simul
562 1012 673 1087 legunt
696 1021 750 1070 aut
765 1019 910 1072 cantant:
935 1011 1030 1071 iesus
1045 1012 1116 1072 vult

357 1126 431 1168 esse
453 1108 580 1168 tertius.
612 1108 683 1168 Nec
698 1126 801 1169 vacua
824 1109 886 1170 erit
907 1109 1020 1185 petitio
1037 1109 1115 1170 isto·

333 1224 427 1266 stunt
450 1206 483 1265 in
505 1206 638 1266 nomine
659 1207 734 1266 lesu
756 1217 1035 1283 congregatorum,
1057 1207 1113 1284 qui

355 1306 439 1364 bona
461 1304 524 1363 fide
546 1304 714 1364 humiliter
735 1315 766 1364 et
782 1305 898 1365 devote
914 1305 1114 1381 supplicant3

355 1404 382 1463 si
412 1413 520 1464 tamen
551 1402 584 1461 in
616 1402 704 1461 omni
736 1420 772 1462 re
804 1420 900 1478 quam
933 1411 1048 1478 petunt
1080 1413 1113 1463 et

356 1500 541 1560 desiderant
570 1499 642 1558 eius
671 1500 910 1575 beneplacitum
942 1510 1114 1576 quaerunt,

356 1609 387 1659 et
418 1615 497 1657 suae
532 1597 682 1673 propriae
714 1598 872 1658 voluntati
909 1598 1113 1657 renuntiant:

322 1697 435 1757 millud
456 1695 677 1771 gratissimum
695 1695 820 1756 Christi
844 1695 979 1755 verbum
1003 1695 1113 1755 dicen-

356 1806 415 1855 tes.
459 1794 572 1868 Pater,
593 1811 659 1853 non
682 1811 755 1853 mea
777 1796 945 1854 voluntas:
978 1794 1037 1854 sed
1059 1805 1115 1854 tua

356 1910 487 1969 semper
509 1894 562 1955 fiat
584 1911 689 1953 amen.

397 2098 454 2157 DE
477 2096 710 2157 PATIENTIA
733 2093 1072 2157 CONSERVANDA

386 2195 515 2255 INTER
539 2194 722 2254 DESIDES
746 2194 796 2253 ET
820 2192 1085 2254 PERVERSOS.

323 2357 346 2397 ιε
638 2343 779 2406 [sunno]
798 2343 829 2392 v,

356 2422 542 2640 iffilcile
559 2480 792 2554 pusillanimis,
814 2477 1061 2555 confortamini:
1085 2483 1118 2537 et

357 2533 370 2616 i
486 2579 586 2637 nolite
607 2578 725 2638 timere.
766 2577 884 2637 Dilecti
908 2576 1026 2635 fratres
1048 2593 1114 2635 non

356 2677 531 2736 turbemini
553 2677 580 2737 si
604 2677 767 2738 interdum
791 2675 982 2751 contingunt
1006 2674 1116 2774 aliqua

356 2774 389 2833 in
412 2774 574 2850 religiosis
603 2775 793 2835 defectuosa
822 2790 904 2849 quae
927 2771 1021 2832 vobis
1050 2772 1115 2832 dis-

320 2871 493 2946 aoplicent:
515 2882 569 2932 aut
592 2872 619 2931 si
642 2871 741 2947 aliqui
761 2871 918 2931 recedunt
939 2887 958 2928 a
980 2886 1115 2946 congre-

355 2969 484 3045 gatione
512 2969 691 3044 bonorum3
719 2969 771 3028 vel
802 2968 829 3027 si
855 2968 954 3043 tepidi
978 2985 1115 3028 conver·

356 3077 469 3127 santur
490 3082 564 3126 cum
587 3065 636 3124 eis
654 3076 787 3141 propter
802 3065 1033 3141 temptationes
1049 3065 1116 3124 dia·

356 3164 438 3223 boli:
454 3180 535 3239 quas
546 3162 664 3223 cotidie
676 3164 709 3222 in
719 3163 780 3223 Dei
793 3162 927 3223 servitio
938 3162 1115 3237 patiuntur.

357 3261 440 3320 Nam
477 3262 557 3320 haec
593 3260 698 3320 tristia
734 3262 895 3321 humanae
932 3260 1116 3336 fragilitatis

321 3368 587 3434 astemptamenta
609 3358 705 3418 etiam
722 3358 927 3434 contigerunt
941 3369 1016 3418 ante
1034 3367 1115 3419 tem·

357 3473 435 3531 pora
456 3468 583 3531 nostra3
612 3456 697 3517 sicut
725 3457 765 3516 de
795 3455 906 3516 multis
935 3456 1060 3516 sanctis
1084 3466 1117 3516 et

357 3552 520 3628 religiosis
541 3553 621 3612 viris
643 3553 776 3629 legitur:
806 3552 860 3628 qui
892 3552 954 3611 iam
984 3552 1017 3611 in
1048 3564 1115 3613 toto

357 3651 435 3709 orbe
457 3669 475 3710 a
497 3650 608 3710 multis
630 3651 840 3710 honorantur.
884 3649 953 3708 Nos
983 3650 1115 3726 quidem

358 3747 489 3823 fragiles
517 3764 650 3821 sumus,
681 3756 713 3806 et
742 3747 781 3805 ad
809 3748 929 3806 malurn
967 3747 1117 3823 proclivi,

723 3851 750 3892 ae
