2692 4659
204 423 538 476 &mmmm
561 423 630 465 xxix
652 420 973 476 Qffiffiffl

209 557 266 617 sui
291 556 413 618 solius:
435 568 592 634 quantum
608 557 702 616 datur
717 555 778 616 sibi
801 572 916 632 sapere
932 572 972 615 ex

210 656 319 732 gratia
345 672 507 731 supernae
529 654 726 715 visitationis
752 654 784 713 in
807 662 891 714 statu
914 654 972 712 hu-

213 771 333 814 manae
360 752 551 829 fragilitatis

257 853 389 912 Fratres
411 850 454 910 ibi
484 860 535 910 est
562 867 679 927 magna
701 849 861 910 festivitas
883 848 971 909 dedi-

217 949 358 1010 cationis
379 948 556 1009 ecclesiae:
584 948 638 1007 ubi
661 957 712 1007 est
733 947 856 1024 puritas
878 946 992 1006 inno-⁵

220 1047 325 1107 centis
344 1046 440 1121 vitae,
462 1046 595 1105 libertas
616 1046 720 1106 bonae
743 1044 973 1119 conscientiae,

222 1144 405 1205 iucunditas
441 1143 620 1220 spiritualis
656 1143 813 1218 laetitiae3
848 1142 973 1219 praedi-

224 1244 303 1303 catio
327 1253 460 1302 sanctae
476 1242 652 1318 doctrinae,
675 1241 859 1302 observatio
882 1257 974 1315 regn-

225 1338 297 1398 laris
327 1337 537 1413 disciplinae:
569 1337 750 1397 recordatio
781 1337 871 1413 regni
904 1354 974 1397 cae-

228 1435 329 1511 lestis,
360 1436 481 1496 oblivio
512 1436 619 1495 omnis
647 1435 755 1512 gaudii
787 1436 1009 1496 saecularisro

231 1530 269 1591 lbi
291 1543 341 1593 est
356 1550 435 1593 vera
456 1533 663 1610 pulchritudo
685 1533 807 1609 templi,
829 1545 861 1594 et
883 1552 975 1594 orna·

232 1638 276 1689 tus
296 1630 459 1691 ecclesiae
481 1648 555 1691 cum
579 1631 679 1691 ramis
694 1640 726 1691 et
742 1630 876 1690 floribus
891 1632 975 1692 bene

235 1729 463 1804 redolentibus:
478 1729 534 1789 ubi
546 1739 597 1789 est
607 1746 686 1789 vera
696 1729 847 1789 contritio
859 1731 977 1805 cordis,

235 1823 357 1887 humilis
386 1827 553 1888 confessio
583 1827 666 1887 oris:
699 1838 730 1886 et
759 1826 856 1903 digna
883 1828 976 1888 satis·

238 1918 319 1986 tactio
351 1944 410 2003 pro
442 1926 585 2003 peccatis
614 1925 810 1985 commissis.
848 1925 894 1985 Ibi
926 1934 1010 1987 estis

237 2017 306 2083 laeta
319 2024 480 2084 dedicatio
495 2024 571 2084 novi
587 2023 714 2083 altaris:
736 2023 790 2083 ubi
807 2033 857 2083 est
871 2040 977 2082 novus

239 2113 333 2182 iervor
347 2121 534 2182 devotionis
556 2138 630 2181 cum
652 2121 827 2197 gratiarum
850 2120 977 2181 actione

240 2210 265 2272 in
283 2216 378 2280 iubilo
409 2220 518 2280 cordis
546 2237 605 2297 pro
627 2219 797 2280 beneficiis
826 2220 978 2296 acceptis,

272 2314 370 2378 Nemo
392 2336 517 2378 vacuus
545 2335 701 2395 apparere
731 2318 826 2379 debet
847 2318 880 2377 in
903 2334 979 2377 con-

243 2420 337 2482 spectu
362 2416 512 2477 Domini:
542 2417 600 2476 sed
629 2433 761 2492 semper
782 2416 903 2492 aliquid
932 2416 1013 2475 of·eo

244 2501 312 2572 ferre
333 2513 366 2573 in
388 2515 479 2575 altari
503 2515 543 2574 ad
565 2517 725 2574 honorem
749 2514 821 2575 Dei.
855 2514 911 2573 llic
933 2514 978 2573 vi-

243 2607 327 2671 utum
349 2612 447 2672 offert
468 2622 500 2671 et
514 2612 659 2672 hircum:
682 2612 737 2688 qui
761 2611 868 2671 carnis
889 2620 979 2687 petu-

245 2697 356 2770 lantiam
380 2710 498 2787 frangit
513 2728 572 2786 per
587 2710 757 2770 ieiunium.
789 2710 847 2770 ille
862 2711 978 2770 bovem

246 2813 342 2868 mactat
364 2818 396 2868 et
411 2818 556 2868 taurum:
579 2808 633 2884 qui
650 2807 837 2884 superbiam
861 2808 980 2868 mentis

192 2928 194 2963 ι
247 2906 270 2956 et
281 2903 425 2966 duritiam
448 2906 569 2983 proprii
593 2923 713 2966 sensus
736 2905 851 2981 redigit
872 2904 911 2963 ad
933 2905 1016 2965 ni-25

191 2991 980 3080 .memmwmm

191 3121 222 3184 ··
248 3089 347 3160 silium.
390 3100 448 3161 ille
482 3118 600 3177 agnum
634 3100 877 3160 immaculatum
910 3099 980 3159 Deo

191 3234 195 3244 ·
249 3186 359 3267 dignum
374 3199 487 3274 offert3
498 3199 553 3275 qui
565 3198 752 3274 passionem
765 3197 890 3259 Christi
903 3197 980 3256 coti-

191 3331 196 3340 .
250 3284 289 3348 die
306 3296 417 3358 devote
447 3304 697 3357 commemorat:
729 3305 761 3355 et
792 3312 828 3355 se
860 3295 889 3354 ei
922 3311 981 3371 per

191 3428 197 3439 ·
251 3388 411 3455 Patientiam
434 3405 467 3455 et
480 3393 766 3455 mansuetudinem
790 3392 1017 3452 conformateo

191 3496 196 3553 i
253 3476 296 3543 llle
314 3491 441 3553 arietem
458 3493 619 3567 immolat3
640 3492 696 3569 qui
712 3502 810 3551 totam
826 3491 979 3551 virtutem

581 3597 619 3639 291
833 3595 873 3637 ro·
