2692 4659
337 626 338 629 ’
358 636 519 691 mamm
548 638 711 682 sermones
727 641 767 682 no
783 639 932 683 novre10s
955 641 1119 694 [egomt

357 773 507 834 invenies
538 790 609 833 eam
641 774 796 834 nimirum
828 783 875 834 tot
903 792 1029 835 amaras
1061 794 1117 852 po·

356 872 464 932 tiones
486 871 629 931 ebibisse
648 871 682 931 in
698 872 779 932 vita:
801 883 880 949 quot
896 872 989 933 lesus
1004 874 1118 933 habuit

357 979 497 1029 aetatum
520 978 685 1029 momenta
715 980 746 1030 et
771 971 917 1030 membra
938 971 1117 1031 vulnerata.

358 1067 498 1144 Quando
520 1067 607 1127 enim
636 1084 755 1143 passus
785 1077 835 1128 est
858 1067 951 1128 lesus
973 1068 1115 1145 aliquem

334 1164 521 1223 sdefectum
555 1173 586 1224 et
617 1164 833 1226 abiectionem
864 1166 1054 1242 hominum;
1085 1177 1117 1226 et

357 1261 412 1320 illa
433 1279 499 1321 non
521 1261 641 1322 defecit
662 1279 722 1339 per
750 1262 1039 1339 compassionem?
1083 1262 1116 1323 Si

358 1357 460 1417 doluit
481 1359 610 1434 quando
633 1360 741 1420 lesum
765 1360 804 1419 ad
824 1362 937 1420 horam
960 1361 1118 1437 perdidit3

358 1465 514 1532 quantum
538 1457 628 1518 flevit
651 1475 725 1518 curn
749 1457 894 1535 cruciligi
918 1469 949 1518 et
972 1458 1054 1517 mori
1071 1458 1117 1518 vi-

358 1553 431 1613 dit?
473 1554 595 1614 Notum
618 1565 668 1615 est
691 1555 875 1614 amantibus
892 1555 1018 1615 lesum:
1041 1555 1118 1632 quia

324 1662 525 1712 romaternus
546 1652 683 1713 affectus
700 1653 841 1713 excessit
863 1652 896 1712 in
912 1653 1117 1713 condolendo

356 1750 542 1825 generalem
571 1750 763 1811 devotorum
793 1751 936 1811 modum.
980 1751 1057 1811 ldeo
1089 1750 1117 1810 si

358 1847 497 1924 experiri
519 1847 621 1924 gestis
637 1848 703 1907 vim
727 1848 848 1908 doloris
871 1848 903 1907 in
922 1858 1042 1908 matre:
1064 1866 1117 1907 co-

356 1945 422 2020 gita
442 1945 684 2006 vehementiam
708 1946 828 2006 amoris
850 1946 883 2006 in
905 1946 1041 2022 virgine.

399 2042 540 2102 Rursum
569 2043 722 2118 gaudium
746 2043 870 2103 Mariae
899 2061 996 2104 nemo
1024 2043 1116 2103 effari

324 2164 348 2203 rs
358 2150 480 2216 potest:
503 2157 599 2200 nerno
622 2140 822 2202 affluentiam
846 2141 1029 2202 dulcedinis
1045 2142 1118 2202 eius

359 2249 390 2298 et
409 2237 641 2299 consolationis
657 2239 913 2316 magnitudinem
930 2240 1015 2300 valet
1031 2258 1119 2300 eom·

358 2338 581 2412 prehendere3
610 2335 687 2412 quia
714 2336 758 2396 ibi
781 2336 919 2412 amplior
942 2337 1065 2398 laetitia
1088 2348 1120 2398 et

359 2433 555 2494 consolatio:
587 2433 641 2492 ubi
674 2433 803 2509 plenior
832 2434 955 2493 inlusio
986 2436 1120 2511 gratiae,

358 2542 455 2609 atque
478 2531 681 2608 frequentior
697 2533 757 2592 Dei
781 2531 923 2592 visitatio
945 2535 1120 2594 consuevit

322 2631 484 2691 20adesse.
528 2630 614 2690 Hinc
647 2642 678 2691 et
709 2631 874 2692 ardentior
904 2646 1037 2706 semper
1065 2650 1120 2692 ex-

359 2728 477 2788 crescit
499 2727 629 2788 divinae
651 2728 757 2789 laudis
779 2728 933 2789 affectus:
964 2738 996 2788 et
1025 2729 1120 2790 inno-

359 2836 452 2886 vatur
486 2826 587 2886 totius
624 2825 789 2887 interioris
825 2828 968 2888 hominis
1004 2837 1119 2888 status.

360 2925 434 2985 Non
464 2924 622 3000 permittit
653 2924 755 3000 gratia
790 2925 941 2985 caelestis
976 2926 1118 2986 animam

359 3031 502 3082 sanctam
536 3023 642 3082 Deum
680 3039 780 3098 super
815 3023 924 3082 omnia
955 3034 1118 3084 amantem

322 3120 431 3180 25sine
454 3119 581 3179 interna
601 3120 824 3180 consolatione
847 3120 975 3180 vivere:
998 3122 1057 3181 sed
1080 3122 1119 3181 ad

359 3234 502 3293 superna
533 3217 687 3277 continuo
717 3217 829 3293 erigit,
860 3228 892 3278 et
920 3218 953 3277 in
983 3219 1118 3294 agendis

359 3315 524 3391 sapienter
545 3315 702 3390 illustrat3
724 3315 872 3375 accendit
888 3315 922 3374 in
938 3316 1118 3376 meditatio·

359 3412 456 3472 nibus
472 3412 608 3472 sanctis:
625 3421 657 3471 et
672 3413 825 3472 devotum
842 3414 947 3473 reddit
963 3413 1118 3490 ingratiis

360 3510 553 3570 referendis.
596 3510 728 3587 Quanto
757 3522 865 3571 autem
894 3510 997 3570 maior
1018 3511 1119 3588 gratia

323 3619 391 3669 soet
422 3609 534 3684 purior
564 3607 647 3667 vita:
684 3617 772 3668 tanto
804 3609 918 3668 laetior
948 3608 1117 3668 conscien-

360 3706 419 3781 tia,
445 3717 482 3766 et
511 3704 659 3765 devotior
687 3705 789 3765 oratio
812 3706 983 3766 laudantis.
1027 3707 1116 3766 Haec

716 3810 757 3851 aas
