2692 4659
369 684 530 737 mm
557 684 720 727 ssnnonss
734 685 775 727 nn
792 685 941 728 N0v1cros
966 687 1132 740 Vosot‘ea'x‘rl

370 819 522 894 perditis:
545 819 609 880 cito
631 836 688 879 eas
710 818 875 895 recipietis
892 820 962 879 Deo
986 821 1129 881 favente.

371 916 434 976 His
462 916 581 976 auditis
602 918 735 994 gavisus
764 929 814 979 est
837 918 1067 979 Hermannus:
1097 928 1129 979 et

371 1031 444 1074 curn
468 1032 507 1075 eo
522 1016 611 1092 prior
632 1026 746 1077 noster
767 1026 799 1077 et
820 1027 908 1077 totus
930 1028 1125 1077 conventus.

371 1112 455 1188 Quis
477 1124 585 1174 autern
602 1114 700 1175 fuerit
715 1114 777 1175 iste
794 1116 845 1175 fur
860 1125 892 1175 et
907 1125 1018 1191 raptor
1033 1115 1126 1175 cleri-

346 1224 428 1270 scus
449 1229 489 1270 an
512 1212 632 1273 laicus:
654 1214 826 1289 hucusque
848 1213 1004 1273 nescitur.
1038 1213 1121 1273 Nam

368 1319 517 1385 speratur
525 1311 611 1386 quod
622 1310 790 1387 paenituit,
801 1320 832 1371 et
843 1310 975 1371 domino
987 1311 1123 1370 lohanni

368 1418 495 1468 secreto
517 1418 552 1469 ut
572 1409 610 1468 ad
627 1410 860 1470 monasterium
883 1410 993 1470 omnia
1015 1409 1123 1469 remit-

367 1515 450 1566 teret
460 1507 670 1583 supplicavit:
681 1508 766 1584 quod
776 1508 872 1567 etiarn
884 1507 980 1567 tacito
989 1506 1122 1567 nomine

368 1602 507 1663 fideliter
518 1605 604 1666 iecit.
628 1605 743 1681 Empta
757 1614 834 1664 sunt
844 1615 951 1665 autem
964 1614 996 1665 et
1012 1612 1120 1681 parata

332 1725 357 1765 ιο
367 1701 406 1760 de
418 1702 568 1777 pecuniis
584 1701 649 1762 illis
664 1702 805 1777 receptis
821 1701 859 1760 ad
871 1711 1003 1761 sanctae
1013 1700 1120 1778 Agne-

365 1798 407 1859 tis
423 1801 581 1860 honorem
597 1801 661 1859 duo
682 1809 871 1859 ornamenta
893 1798 1121 1859 sacerdotalia:

365 1905 397 1956 et
419 1896 502 1956 calix
521 1915 607 1957 unus
634 1908 807 1975 argenteus
829 1898 1004 1957 deauratus
1027 1897 1118 1958 titulo

366 1993 545 2055 Hermanni
583 1996 623 2055 de
655 1995 766 2058 Oever
796 1996 856 2055 sub
888 1996 971 2072 pede
1007 1996 1119 2057 calicis

364 2090 551 2168 inscriptus.

330 2252 354 2292 15
684 2252 801 2300 ALIVD.

361 2320 591 2554 Quidam
607 2389 714 2448 -irater
736 2389 852 2448 domus
879 2398 1011 2448 nostrae
1034 2389 1117 2449 cele·

502 2487 600 2545 brans
624 2486 657 2545 in
682 2486 778 2545 domo
809 2485 939 2561 capituli
969 2486 1002 2545 in
1025 2487 1117 2546 altari

361 2592 492 2643 sanctae
503 2583 639 2660 Agnetis
650 2583 787 2660 virginis
798 2584 925 2644 diabolo
941 2583 1118 2644 insidiante

361 2680 468 2741 subito
490 2690 665 2757 temptatus
687 2692 737 2742 est
759 2683 791 2741 in
814 2682 915 2741 missa
936 2683 976 2741 de
999 2681 1063 2742 fide
1087 2692 1119 2742 et

324 2790 564 2842 aosacramento
586 2780 733 2855 corporis
749 2779 892 2841 Christi:
914 2779 948 2839 in
964 2797 1029 2856 quo
1046 2798 1118 2841 sae·

360 2876 433 2951 pius
453 2877 564 2936 habuit
586 2877 842 2938 consolationem
859 2886 890 2936 et
905 2877 1116 2939 devotionem

360 2989 518 3049 magnam.
548 2974 701 3034 Sentiens
724 2991 800 3052 ergo
821 2991 952 3051 gravem
975 2975 1116 3037 influere

359 3070 601 3145 quaestionem:
630 3072 791 3132 convertit
817 3088 853 3130 se
875 3071 939 3131 cito
962 3074 1001 3132 ad
1024 3074 1114 3150 piurn

359 3168 536 3228 Dominum
561 3168 669 3227 lesum
702 3186 776 3228 curn
806 3169 929 3246 gemitu
962 3179 994 3229 et
1025 3183 1114 3232 recta

320 3264 433 3330 25iidei
456 3265 636 3325 intentione
658 3267 790 3326 orando.
821 3267 966 3344 Moxque
989 3270 1114 3330 audivit

357 3363 503 3422 divinum
535 3380 730 3439 responsum
761 3364 850 3424 intus
886 3366 947 3425 sibi
979 3367 1114 3427 dictum.

358 3461 466 3523 Crede
488 3461 573 3521 sicut
594 3473 707 3523 sancta
728 3460 840 3539 Agnes
863 3462 1011 3525 Caecilia
1034 3465 1112 3523 Bar·

355 3560 442 3635 bara,
457 3570 488 3620 et
504 3561 585 3620 aliae
601 3577 713 3619 sacrae
724 3560 869 3637 virgines
885 3561 1112 3623 crediderunt:

355 3675 438 3735 quae
454 3676 512 3733 pro
528 3658 663 3719 Christo
686 3675 801 3733 passae
824 3668 900 3718 sunt
915 3669 947 3719 et
963 3659 1003 3719 de
1020 3661 1111 3721 nullo

318 3756 454 3816 soverbo
477 3755 510 3814 in
533 3755 596 3816 fide
618 3756 856 3817 dubitaverunt.
890 3756 952 3816 His
974 3757 1112 3818 auditis:

711 3860 752 3901 276
