2692 4659
308 676 469 729 &means
488 676 555 719 vrri
571 675 735 720 ttoewrors
751 675 890 720 macnus
906 678 1064 731 {esum

309 809 400 887 virgo
423 828 460 870 se
482 828 548 870 non
576 828 675 888 posse
696 810 852 888 gaudiosa
882 811 1065 888 praesentia

310 909 382 969 eius
417 910 559 986 perfrui:
596 910 786 971 conturbata
821 909 912 970 ilevit
948 926 1063 969 amare.

311 1007 531 1084 Interrogabat
560 1008 669 1085 itaque
698 1008 866 1086 angelum,
895 1025 936 1067 an
960 1008 1063 1085 aliqua

310 1106 405 1181 culpa
437 1106 614 1166 Dominum
651 1106 860 1166 offendisset:
897 1106 938 1165 ob
972 1123 1063 1183 quam

287 1205 370 1263 shac
385 1204 487 1280 gratia
501 1205 624 1279 pertrui
648 1222 713 1265 non
736 1204 922 1265 meruisset.
956 1203 999 1264 At
1014 1204 1063 1263 ille

311 1301 1064 1380 respondensnequaquaminquit3sedpropter

311 1400 527 1474 praesentiam
544 1400 615 1460 eius
630 1401 685 1478 qui
702 1401 735 1460 in
751 1401 834 1460 cella
854 1409 910 1460 tua
929 1400 1063 1459 latenter

310 1497 418 1557 sedet:
428 1506 459 1557 et
469 1497 727 1558 nititurscrutari
740 1507 772 1558 et
782 1497 923 1573 experiri
932 1497 1061 1574 gratiam

310 1594 367 1653 tibi
383 1595 583 1671 dispositam.
614 1596 689 1673 Quo
706 1596 808 1656 dicto:
823 1596 961 1672 angelus
976 1596 1015 1655 ab
1029 1611 1063 1653 ea

277 1693 472 1753 iodiscessit.
508 1691 598 1753 Tunc
621 1695 712 1771 virgo
735 1704 798 1755 tam
829 1693 916 1754 felici
945 1692 1061 1754 solacio

310 1790 453 1866 privata,
493 1793 724 1853 vehementius
766 1802 816 1853 est
858 1793 1062 1864 contristata3

311 1890 519 1967 amariusque
556 1892 635 1952 llere
671 1892 796 1967 coepit,
831 1890 875 1951 ita
905 1891 993 1967 quod
1027 1888 1062 1948 ad

310 1997 440 2064 tempus
476 1990 631 2049 ecstatice
667 2006 734 2049 non
770 1997 956 2064 raperetur:
993 1987 1064 2047 licet

311 2086 442 2161 saepius
465 2085 630 2162 angelicae
645 2085 841 2147 visitationis
856 2085 959 2161 gratia
982 2085 1063 2145 frue-

278 2191 410 2245 uretur.
459 2184 607 2244 Audiens
647 2185 745 2263 igitur
783 2184 956 2244 confessor
996 2184 1063 2244 eius

312 2298 382 2341 eam
414 2283 521 2343 taliter
556 2284 705 2344 flentem:
741 2300 881 2361 surgens
912 2281 1064 2342 indicavit

312 2379 341 2438 ei
374 2397 410 2439 se
442 2380 545 2441 luisse
580 2391 796 2458 praesentem.
840 2382 916 2458 Quo
947 2380 1064 2452 audito,

312 2479 450 2555 amplius
483 2481 672 2541 conturbata
703 2490 769 2554 est,
800 2497 896 2557 quam
927 2478 955 2537 si
985 2478 1064 2538 alius

311 2575 354 2635 ibi
379 2577 513 2654 luisset3
535 2596 592 2654 pro
612 2579 754 2655 eoquod
776 2578 855 2638 satis
879 2578 1065 2654 frequenter

275 2674 341 2736 aoei
353 2674 451 2735 vitam
467 2693 559 2736 suam
582 2676 797 2736 indicaverat:
813 2684 976 2753 quatenus
999 2675 1065 2733 abs·

312 2789 376 2849 que
387 2774 619 2850 exploratione,
635 2775 765 2835 divinae
775 2774 897 2851 gratiae
910 2773 1064 2844 crederet,

312 2887 395 2947 quae
418 2871 597 2932 circaeam
621 2872 824 2948 operabatur.
862 2872 948 2933 Cum
972 2871 1065 2947 igitur

312 2970 350 3027 ab
367 2970 426 3028 hac
442 2970 625 3029 turbatione
648 2980 793 3030 recreata
815 2979 914 3044 esset,
937 2978 969 3028 et
985 2978 1064 3029 tran·

312 3067 504 3143 quillitatem
527 3069 724 3144 recepisset3
746 3068 820 3144 pius
836 3076 867 3127 et
878 3066 1063 3126 misericors

275 3165 405 3227 25Deus
426 3166 511 3226 sicut
534 3167 725 3244 frequenter
747 3175 841 3226 antea
863 3165 1004 3224 lecerat:
1026 3163 1064 3222 ita

312 3272 344 3322 et
375 3265 580 3338 postmodum
613 3264 767 3324 ecstatice
799 3279 870 3322 eam
902 3279 1003 3338 supra
1032 3276 1064 3320 se

313 3360 448 3421 levabat.
470 3358 560 3420 Tunc
583 3360 753 3437 impletum
776 3359 881 3419 estin
904 3376 958 3419 ea:
982 3355 1062 3436 quod

313 3475 371 3533 per
381 3459 581 3534 psalmistam
593 3458 721 3518 dicitur.
745 3457 948 3519 Convertisti
960 3458 1063 3533 planc-

312 3565 378 3615 tum
416 3573 525 3616 meum
556 3556 587 3615 in
617 3556 770 3633 gaudium
807 3555 904 3615 mihi:
942 3553 1063 3616 consci-

277 3654 387 3718 aodisti
404 3671 533 3714 saccum
558 3672 679 3729 meum,
701 3663 733 3714 et
748 3654 993 3714 circumdedisti
1016 3667 1062 3713 me

314 3751 443 3811 laetitia.

669 3856 711 3897 aar
