2692 4659
368 680 529 733 &mamma
557 680 720 723 sanuouas
735 681 776 723 no
792 679 942 724 uovrcros
967 682 1129 734 ranam

370 813 522 873 cucurrit.
559 814 597 874 Et
612 814 697 875 facto
712 815 855 891 desuper
868 824 1000 875 sanctae
1020 815 1127 875 crucis

369 911 479 988 sign03
508 929 584 971 mox
612 921 722 972 tumor
749 929 885 989 spumae
914 914 953 972 ad
982 913 1048 973 ima
1077 930 1127 973 ce·

369 1010 464 1070 cidit:
496 1027 533 1069 ac
562 1010 589 1070 si
621 1027 738 1086 aquam
769 1009 916 1087 Frigidam
949 1010 1126 1070 iniecisset.

370 1108 467 1184 Quod
494 1107 583 1168 socia
609 1108 682 1168 eius
704 1108 837 1183 videns,
866 1108 980 1167 mirata
1003 1118 1069 1169 est:
1096 1118 1127 1167 et

346 1206 442 1265 saliis
464 1215 577 1282 postea
599 1208 660 1266 hoc
685 1206 804 1266 iactum
828 1206 994 1267 revelavit.

690 1445 807 1494 ALIVD.

368 1538 577 1758 Mulier
599 1598 758 1673 quaedam
776 1598 974 1673 Campensis
996 1599 1060 1659 ibat
1086 1599 1124 1658 ad

370 1655 381 1735 9
514 1696 619 1755 iorum
643 1695 802 1755 civitatis:
825 1705 859 1755 ut
881 1695 942 1754 sibi
964 1705 997 1755 et
1017 1698 1125 1756 dome·

369 1795 460 1855 sticis
482 1794 552 1854 suis
574 1794 738 1853 modicum
755 1794 847 1853 lactis
863 1802 997 1853 emeret.
1031 1794 1126 1869 Emp-

335 1911 360 1951 ro
369 1892 457 1951 tione
479 1899 586 1951 autem
604 1892 687 1950 facta
708 1891 747 1950 ad
763 1891 893 1951 domum
911 1892 1017 1951 redire
1037 1892 1126 1951 iesti-

369 1990 479 2049 nabat:
506 1998 622 2049 tenens
644 1988 678 2048 in
700 2006 798 2048 manu
821 1991 1009 2065 amphoram
1032 1989 1126 2049 lactis

369 2105 465 2164 quam
488 2104 600 2147 secum
622 2086 749 2146 tulerat.
780 2086 816 2145 ln
839 2086 890 2146 via
912 2104 989 2164 ergo
1010 2087 1127 2163 posita,

369 2186 520 2262 cupiebat
534 2186 573 2245 de
596 2185 679 2244 lacte
701 2184 829 2243 bibere:
852 2194 885 2244 et
905 2183 1067 2244 inclinans
1090 2202 1127 2244 se

369 2284 490 2344 resedit
525 2299 625 2359 super
659 2292 790 2342 terram.
837 2280 981 2357 Accepta
1016 2282 1128 2358 itaque

335 2403 359 2443 ιε
369 2382 402 2441 in
425 2398 522 2441 manu
545 2381 711 2456 amphora,
735 2379 811 2439 iecit
834 2380 976 2456 desuper
996 2380 1128 2457 signum

369 2490 500 2539 sanctae
521 2478 628 2537 crucis
650 2486 822 2553 antequam
840 2477 982 2554 biberet3
1005 2478 1130 2537 statim·

369 2595 433 2654 que
455 2579 611 2653 amphora
632 2575 771 2635 inferius
794 2575 936 2651 crepuit:
966 2584 998 2635 et
1020 2576 1068 2635 lac
1094 2576 1128 2635 in

368 2686 488 2735 terram
511 2691 611 2734 ruens
633 2673 772 2733 ubertim
792 2674 927 2735 effluxit.
964 2674 1039 2750 Quo
1056 2674 1130 2734 viso

369 2774 468 2833 nimis
498 2771 651 2833 exterrita
673 2771 831 2846 surrexit3
861 2781 892 2831 et
920 2771 1131 2847 perpendens

332 2872 446 2948 aoquid
469 2870 542 2930 miri
558 2869 619 2930 sibi
635 2869 825 2929 accidisset:
848 2869 1011 2945 praesenti
1034 2869 1130 2946 signo

369 2969 522 3029 virtutem
545 2977 677 3027 sanctae
700 2966 808 3027 crucis
827 2975 974 3043 patenter
989 2966 1130 3042 agnovit.

370 3066 511 3142 Quidam
543 3074 650 3125 autem
684 3081 753 3124 rem
784 3074 909 3141 gestam
941 3065 1130 3124 audientes:

370 3165 530 3224 dixerunt.
573 3165 668 3223 Forte
698 3162 761 3222 nisi
792 3164 872 3222 haec
895 3162 1014 3222 mulier
1035 3161 1130 3238 signo

370 3271 501 3322 sanctae
536 3262 644 3322 crucis
675 3278 711 3321 se
748 3260 928 3337 signasset:
964 3260 1129 3321 diabolum

333 3377 444 3425 ascum
474 3361 556 3421 lacte
585 3359 779 3420 imbibisset.
823 3359 952 3419 Bonum
975 3366 1026 3417 est
1052 3374 1129 3433 ergo

370 3457 477 3518 cibum
490 3475 527 3517 ac
543 3468 653 3533 potum
669 3456 761 3533 prius
774 3455 867 3532 signo
879 3465 1010 3516 sanctae
1022 3455 1130 3514 crucis

370 3556 583 3631 benedicere;
612 3571 653 3615 ne
677 3554 798 3630 aliquid
828 3553 981 3613 nocivum
1004 3552 1129 3612 homini

369 3671 409 3713 ex
431 3653 510 3713 vitio
531 3653 625 3729 gulae
652 3652 834 3728 contingat,
864 3668 1041 3727 perquam
1065 3650 1130 3710 dia·

370 3750 464 3809 bolus
483 3750 603 3809 multos
621 3748 753 3825 saepius
771 3756 906 3823 temptat
925 3758 957 3808 et
975 3757 1089 3824 captat.

729 3852 767 3893 ror
