2692 4659
308 682 469 745 <emm
497 681 658 725 sermones
674 682 714 723 nn
731 681 879 725 uovrcros
904 680 1066 737 2²ng

311 815 397 875 enim
420 814 575 877 Christus
597 815 691 875 vobis
718 816 885 876 orantibus
912 827 945 877 et
966 819 1065 878 collo-

311 913 487 988 quentibus
516 914 601 973 inter
622 929 682 972 vos
710 915 980 990 commorabitur3
1010 917 1064 976 do·

311 1028 391 1070 cens
421 1029 480 1071 vos
511 1023 640 1072 terrena
671 1011 861 1089 despicere,
892 1024 924 1074 et
955 1031 1065 1074 amare

311 1110 480 1170 caelestia:
503 1120 535 1169 et
556 1119 669 1170 contra
684 1109 860 1170 diabolicas
882 1111 1064 1187 temptatio·

288 1224 371 1267 snes
394 1207 520 1267 fortiter
541 1218 683 1283 certare,
709 1219 740 1268 et
761 1208 933 1284 passiones
956 1210 1065 1269 carnis

310 1306 487 1365 refrenare.
526 1305 637 1382 Quare
660 1306 747 1365 enim
770 1306 909 1366 venistis
931 1306 971 1367 de
994 1324 1064 1367 sae-

310 1405 401 1479 culo;
429 1403 492 1463 nisi
522 1413 557 1464 ut
585 1413 651 1463 tota
680 1421 757 1479 spes
779 1415 889 1464 vestra
913 1414 1002 1464 esset
1030 1404 1064 1464 in

311 1502 392 1577 Deo,
414 1512 445 1561 et
461 1518 517 1561 cor
532 1518 662 1561 sursum
687 1501 720 1561 in
736 1502 854 1562 caelo?
885 1502 972 1579 Quia
987 1519 1064 1579 ergo

310 1599 455 1675 elegistis
482 1599 669 1660 renuntiare
699 1600 848 1674 saeculo,
877 1610 909 1659 et
938 1600 1065 1660 servire

277 1695 445 1758 roChristo
475 1696 507 1756 in
536 1696 751 1756 monasterio:
782 1697 882 1773 fugite
912 1697 1065 1757 homines

310 1797 512 1869 saeculares,
541 1795 717 1871 relinquite
746 1795 869 1854 amicos
899 1795 1066 1871 carnales3

310 1892 386 1967 quia
420 1903 558 1968 possunt
589 1909 648 1951 vos
684 1892 718 1952 in
749 1892 924 1952 devotione
955 1901 1066 1953 vestra

310 1989 485 2065 impedire,
517 2000 548 2050 et
577 1991 616 2050 ad
638 1990 755 2049 nociva
783 1989 945 2049 desideria
974 1990 1065 2050 iabu-

310 2088 405 2146 lando
428 2089 573 2147 trahere:
596 2105 656 2147 nec
672 2087 813 2164 aliquem
838 2087 978 2148 fructum
997 2088 1065 2148 ani·

277 2204 302 2243 15
311 2203 382 2245 mae
404 2196 532 2246 vestrae
555 2186 716 2246 conferre.
751 2185 882 2262 Quanto
905 2186 1010 2245 rarius
1033 2197 1065 2246 et

310 2283 443 2344 brevius
472 2284 642 2360 loquimini
666 2284 871 2343 hominibus:
901 2293 989 2343 tanto
1014 2301 1067 2343 se-

311 2382 422 2441 curius
451 2392 501 2443 est
529 2400 586 2457 pro
616 2381 764 2441 custodia
792 2380 900 2440 cordis
930 2391 961 2441 et
988 2382 1066 2441 oris.

312 2480 368 2540 Est
389 2481 526 2540 multum
550 2496 607 2554 pro
637 2480 762 2538 honore
785 2487 893 2537 vestro
919 2488 950 2537 et
980 2478 1067 2539 fama

311 2576 452 2651 ordinis,
483 2577 510 2636 si
534 2594 591 2652 pro
621 2576 806 2637 reverentia
834 2575 1000 2651 hospitum
1030 2577 1065 2636 in

275 2675 496 2749 aopraesentia
518 2691 629 2733 eorum
654 2672 830 2734 verecundi
854 2682 886 2732 et
912 2673 1065 2733 taciturni

312 2773 490 2848 apparetis,
519 2773 592 2847 plus
621 2772 709 2832 enirn
734 2771 947 2832 aedificabitis
969 2771 1067 2831 bonis

311 2870 473 2930 moribus:
496 2887 592 2946 quarn
612 2870 793 2930 curialitate
816 2868 988 2928 sermonis.
1019 2868 1067 2928 Ex

312 2986 377 3027 uno
393 2969 633 3045 indisciplinato
644 2968 744 3027 verbo
760 2976 898 3043 arguunt
911 2984 971 3027 vos
987 2966 1067 3026 levi·

312 3066 386 3125 tatis
401 3075 433 3125 et
455 3066 709 3141 imprudentiae:
732 3075 764 3124 et
782 3065 842 3123 sub
858 3064 969 3124 habitu
992 3064 1067 3123 reli·

276 3163 435 3239 agionis,
466 3164 690 3223 coniecturant
720 3162 851 3238 vulpem
883 3163 1003 3237 latere,
1035 3171 1068 3221 et

313 3278 407 3320 ovem
431 3278 467 3320 se
490 3261 576 3338 lingi.

354 3358 452 3418 Pauci
469 3358 566 3435 igitur
580 3358 645 3418 sint
658 3375 830 3417 sermones
841 3358 952 3433 vestri,
968 3357 1067 3417 utiles

313 3465 344 3515 et
375 3456 619 3532 circumspecti:
651 3456 727 3532 quia
758 3456 894 3515 verbum
924 3457 1065 3516 otiosum

313 3570 377 3613 non
408 3554 469 3615 erit
500 3554 695 3629 impunitum
725 3554 809 3628 apud
839 3553 956 3613 Deum.
1003 3551 1066 3611 Pro

277 3654 375 3711 aohoc
398 3652 542 3712 cavendo
572 3651 739 3711 silentium
767 3661 817 3710 est
839 3651 1011 3710 amandum
1036 3659 1067 3709 et

313 3750 526 3809 servandum:
548 3758 579 3809 et
594 3767 612 3808 a
627 3748 748 3808 sanctis
764 3748 909 3824 patribus
924 3747 1067 3823 antiquis

678 3855 704 3895 34
