2692 4659
308 670 469 723 mm
497 668 658 711 SERMONES
673 669 714 711 Ab
730 668 879 712 NOVlCIOS
902 670 1065 723 ffifflw

310 820 384 864 mus
405 802 557 880 inquiunt
572 803 738 879 lsraelem,
760 804 843 863 hanc
863 813 1007 865 sanctam
1031 815 1065 867 et

310 903 459 962 devotam
475 901 775 979 congregationem:
796 902 958 962 Dominus
973 903 1063 963 enirn

309 1007 430 1077 pugnat
458 1017 515 1076 pro
545 999 593 1059 cis
623 1008 735 1059 contra
765 1015 836 1059 nos
885 999 941 1059 Isti
973 1000 1062 1060 enim

310 1106 386 1158 sunt
409 1098 478 1159 veri
502 1098 685 1173 Israelitae,
713 1097 768 1175 qui
798 1099 838 1158 de
860 1096 1007 1177 Aegypto
1031 1107 1064 1159 et

286 1197 487 1258 ssaecularis
502 1196 587 1258 vitae
609 1196 755 1258 tenebris
775 1197 910 1273 egressi,
931 1204 1064 1272 propter

310 1295 480 1357 Christum
496 1304 648 1371 parentes
661 1304 693 1355 et
708 1293 831 1354 amicos
846 1293 1064 1371 reliquerunt;

310 1401 342 1453 et
363 1410 450 1453 nunc
473 1392 583 1453 habitu
605 1401 737 1452 sanctae
759 1391 926 1469 religionis
948 1392 1064 1468 induti,

310 1492 381 1552 Deo
404 1500 561 1568 perpetue
583 1507 620 1550 sc
639 1500 801 1551 voverunt
823 1499 855 1551 et
875 1499 987 1550 contra
1001 1507 1064 1550 nos

310 1588 449 1649 militare
472 1588 599 1649 fortiter
620 1597 814 1664 coeperunt:
837 1588 876 1647 ad
898 1587 1064 1648 confusio-

274 1703 386 1748 ronem
418 1686 530 1764 utique
561 1697 705 1748 nostram
742 1697 774 1748 ct
805 1704 897 1747 suam
927 1685 1063 1764 gloriam

310 1785 591 1863 augmentandam.
628 1785 828 1847 Constanter
847 1801 923 1862 ergo
947 1784 1064 1844 iratres

310 1893 403 1958 state,
424 1883 536 1944 armati
560 1882 713 1959 precibus
733 1892 845 1943 contra
859 1882 1064 1943 adversarios

310 1981 425 2042 salutis
453 1989 599 2057 vestrae,
627 1981 750 2041 nullius
774 1980 930 2057 impetum
954 1980 1084 2060 formi-⁴

311 2080 441 2140 dantes:
457 2079 560 2139 sedin
572 2079 714 2140 Domino
730 2078 933 2139 conlidentes
945 2078 1066 2155 gratias

277 2176 395 2254 rsagite
423 2177 463 2237 de
492 2176 661 2237 beneficiis
690 2176 783 2237 vobis
814 2176 956 2253 collatis,
987 2194 1066 2252 prae

311 2274 423 2335 multis
444 2274 478 2335 in
493 2275 625 2335 saeculo
641 2275 835 2336 errantibus.
868 2274 943 2334 Non
958 2273 1067 2350 pigeat

312 2372 399 2433 omni
422 2383 518 2434 nocte
546 2390 683 2450 surgere
712 2374 751 2433 ad
779 2372 907 2449 vigilias
935 2382 1066 2432 noctur-

311 2471 420 2547 nalcs3
446 2472 504 2531 scd
527 2471 611 2531 iacto
633 2470 737 2548 signo,
761 2471 878 2531 abicite
899 2480 1066 2545 torporem

312 2569 350 2629 ab
373 2568 494 2644 oculis,
522 2568 747 2645 evagationem
769 2586 788 2628 a
809 2567 978 2628 cordibus:
1001 2566 1067 2627 dis-

275 2666 509 2727 aosolutionem
545 2683 563 2725 a
599 2665 754 2726 moribus.
811 2665 868 2724 Eia
903 2664 1065 2725 carissimi

312 2764 467 2826 attendite
482 2763 700 2840 praesentiam
717 2762 853 2838 Christi,
875 2763 1067 2839 angelorum

313 2861 510 2937 custodiam,
539 2861 757 2922 reverentiam
787 2859 1005 2935 sacramenti,
1034 2869 1068 2921 et

313 2959 468 3036 reliquias
478 2968 680 3035 sanctorum:
693 2960 727 3020 in
738 2975 875 3036 quorum
888 2967 1068 3034 conspectu

313 3057 406 3119 statis
421 3066 453 3117 et
467 3056 621 3133 psallitis:
637 3057 714 3118 licet
728 3056 833 3116 oculis
843 3054 1068 3132 corporalibus

276 3174 304 3216 25
314 3172 371 3216 cos
386 3172 452 3215 non
467 3154 596 3216 videtis.
621 3155 747 3217 Cavete
762 3152 1068 3231 diligentcravanis

313 3252 493 3329 phantasiis
509 3263 540 3314 et
554 3253 733 3313 immundis
749 3252 933 3329 spiritibus:
955 3268 997 3311 ne
1020 3250 1069 3310 in·

313 3350 446 3410 veniant
461 3350 567 3410 locum
585 3350 724 3411 intrandi
742 3359 773 3410 et
786 3349 906 3410 latendi
919 3348 952 3408 in
963 3348 1069 3409 vobis.

315 3449 391 3511 Cito
413 3448 550 3509 avertite
572 3448 688 3508 faciem
719 3458 860 3509 vestram
883 3465 901 3506 a
922 3456 1068 3507 mercatu

314 3546 447 3608 diaboli:
464 3546 589 3623 signate
604 3548 821 3607 cordavestra
831 3546 924 3622 signo
936 3553 1069 3605 sanctae

277 3645 438 3719 aocrucis3
467 3644 625 3705 recurrite
648 3645 686 3705 ad
714 3644 900 3721 passionem
924 3642 1070 3704 Christi:

314 3742 498 3803 erubescite
520 3741 583 3801 alia
604 3741 745 3818 cogitare
768 3759 864 3819 quam
887 3740 986 3801 verba
1006 3741 1069 3801 Dei

679 3846 704 3888 ro
