2692 4659
271 684 603 739 &manumissores
621 682 699 725 xxm
719 684 1039 739 mmmmm

274 818 402 894 aliquis
418 827 593 878 extraneus
614 818 737 894 hospes
752 819 807 895 qui
830 820 959 881 hortum
982 838 1038 897 po·

276 916 378 976 merii
402 916 547 991 intravit,
569 925 744 992 temptatus
766 918 828 977 hoc
851 918 931 995 egit:
953 919 1038 979 sicut

276 1013 479 1091 quandoque
495 1014 678 1089 praeteritis
697 1016 898 1091 temporibus
914 1017 1037 1093 experti

275 1129 399 1171 sumus
414 1111 562 1172 vestibus
585 1112 711 1173 occulte
735 1113 858 1173 furatis.
890 1114 1038 1175 Audiens

276 1220 392 1270 autem
423 1211 505 1269 haec
533 1211 732 1271 venerabilis
764 1221 855 1287 pater
886 1222 917 1272 et
949 1212 1061 1287 priors

276 1319 397 1369 noster
411 1308 607 1369 Wilhelmus
629 1309 840 1369 contristatus
862 1319 912 1369 est
928 1310 1037 1370 valde:

276 1417 315 1467 et
336 1423 453 1466 omnes
476 1407 592 1467 fratres
614 1407 654 1466 de
676 1407 794 1467 damno
816 1407 891 1467 boni
915 1407 975 1467 viri
998 1425 1038 1468 ex

276 1504 478 1565 confusione
495 1505 571 1564 furti
587 1506 771 1565 doluerunt.
799 1504 891 1565 Tunc
906 1505 1036 1582 quidam

277 1604 419 1663 iratrum
442 1612 628 1663 nostrorum
651 1603 712 1662 sibi
735 1604 838 1680 magis
861 1603 1037 1664 familiares

276 1700 483 1761 consolando
514 1710 546 1761 et
577 1701 617 1760 ad
648 1702 835 1777 patientiam
868 1702 1037 1776 hortando,
1049 1717 1073 1756 ιο

275 1799 435 1859 dixerunt
450 1799 491 1859 ei.
519 1797 751 1860 OHermanne
773 1799 942 1859 carissime
965 1799 1037 1859 sitis

274 1897 380 1956 modo
395 1896 522 1973 patiens
538 1897 571 1956 in
587 1897 667 1957 isto:
683 1897 759 1974 quia
775 1897 857 1956 forte
874 1897 1036 1957 Dominus

276 1996 376 2055 Deus
411 2005 523 2055 noster
552 2012 618 2053 non
650 1995 720 2054 vult
750 1994 836 2070 quod
868 1995 1036 2071 occupetis

275 2091 423 2167 amplius
446 2109 502 2152 cor
516 2102 662 2152 vestrum
686 2109 759 2151 cum
782 2092 931 2167 pecuniis
954 2092 1035 2152 istis

276 2189 422 2251 faciatis
448 2207 524 2266 ergo
546 2207 633 2250 nunc
655 2190 695 2249 de
718 2190 915 2250 necessitate
937 2190 1072 2251 virtu-rs

274 2298 366 2348 tem:
381 2297 413 2347 et
423 2287 568 2348 offeratis
583 2304 639 2348 eas
651 2288 721 2347 Deo
737 2298 769 2347 et
780 2287 1035 2364 sanctaeAgneti

274 2403 340 2463 pro
364 2385 468 2446 salute
489 2386 616 2446 animae
638 2396 776 2446 vestrae.
813 2386 851 2445 Et
873 2385 900 2444 si
923 2395 1036 2461 postea

273 2482 485 2559 contingeret
515 2500 575 2543 vos
606 2483 724 2543 iterum
757 2500 813 2543 eas
848 2482 1035 2558 acquirere3

274 2581 370 2658 quod
398 2598 464 2641 non
486 2581 595 2641 velitis
623 2580 699 2640 inde
728 2580 848 2657 aliquid
878 2580 1035 2640 retinere:

274 2679 340 2738 sed
357 2677 395 2736 ad
412 2679 533 2738 cultum
545 2678 607 2737 Dei
624 2688 655 2737 et
670 2676 889 2737 ministerium
905 2688 1072 2737 sanctaeao

273 2776 420 2852 Agnetis
441 2775 550 2836 omnia
571 2776 745 2851 provenire
768 2775 915 2835 debeant.
948 2774 1036 2835 Fecit

272 2877 368 2934 bono
390 2873 497 2933 animo
520 2882 552 2933 et
573 2873 626 2948 pia
648 2872 829 2932 intentione
852 2871 937 2948 quod
961 2888 1035 2931 con-

274 2971 404 3032 sultum
436 2980 501 3031 est:
529 2987 655 3031 vovens
687 2980 802 3046 sponte
834 2969 943 3029 omnia
966 2969 1035 3028 Deo

274 3070 389 3147 plene,
412 3077 444 3128 et
457 3068 570 3128 beatae
582 3067 706 3127 Mariae
722 3066 839 3143 virgini
856 3077 888 3126 et
903 3077 1034 3126 sanctae

273 3167 400 3243 Agneti
423 3176 577 3243 patronae
607 3165 767 3225 ecclesiae
790 3174 920 3223 nostrae
943 3164 1071 3224 brevias

273 3274 428 3339 ternpore
444 3274 662 3324 consecratae.
686 3262 786 3340 lgitur
797 3260 959 3321 oblatione
974 3260 1036 3319 ista

273 3361 391 3422 votiva
419 3372 658 3422 consummata:
680 3360 770 3420 venit
798 3369 871 3436 post
892 3359 1033 3420 triduum

273 3459 417 3520 nuntius
445 3460 551 3519 bonus
573 3459 613 3520 de
635 3459 765 3520 Swollis
796 3458 919 3518 missus
941 3475 959 3515 a
980 3456 1035 3515 do·

274 3557 371 3619 mino
383 3556 526 3617 Iohanne
538 3558 692 3617 Haerlem
708 3567 785 3617 tunc
801 3565 927 3616 rectore
938 3555 1035 3615 devo-

272 3667 386 3716 tarum
397 3671 546 3715 sororum
557 3655 747 3731 beginarum
759 3654 883 3715 dicens.
906 3654 1070 3714 Fratresso

271 3770 345 3814 non
375 3751 448 3812 sitis
476 3752 606 3812 solliciti
636 3764 668 3812 et
689 3752 800 3812 tristes
823 3754 862 3813 de
885 3753 1034 3830 pecuniis

638 3857 680 3898 275
886 3857 927 3898 ιε·
