2692 4659
256 677 1019 732 mmmsslofflffiwfflw

257 812 337 872 fusa
369 811 525 871 interius:
556 820 591 871 ut
622 811 661 870 ad
693 827 765 871 eam
797 810 1019 887 ingredientes

258 911 478 984 mirarentur,
503 919 535 970 et
556 909 717 969 sentirent
739 910 871 969 odorem
895 909 1020 969 suavis·

258 1008 338 1068 simi
369 1007 559 1085 spiraminis
589 1008 744 1068 exterius.
776 1006 1020 1084 Quaerentibus

259 1123 340 1182 ergo
363 1106 476 1165 multis
498 1106 584 1165 unde
614 1106 695 1165 odor
716 1114 823 1165 tantae
851 1105 1021 1166 suavitatis

260 1204 473 1279 procederet3
489 1203 559 1279 ipsa
570 1202 707 1279 cupiens
722 1204 830 1279 potius
841 1221 879 1264 ex
891 1203 1044 1271 humili-5

262 1312 327 1362 tate
351 1301 451 1362 silere
467 1319 563 1378 quarn
586 1301 693 1361 abdita
715 1302 868 1377 prodere:
892 1303 1019 1361 tandem

261 1400 392 1459 devicta
414 1397 618 1474 importunis,
633 1415 747 1458 eorum
771 1398 923 1475 precibus
946 1398 1022 1474 quia

262 1497 427 1556 Dominus
450 1496 634 1556 manifestis
656 1495 786 1555 indiciis
801 1497 863 1556 hoc
879 1496 959 1556 ioris
975 1496 1021 1554 in-

261 1594 385 1667 notuit:
407 1593 542 1669 gratiam
563 1604 628 1654 tam
649 1593 897 1653 inaestimabilis
912 1593 1021 1653 odoris

262 1690 302 1749 de
314 1691 514 1751 caelestibus
529 1691 697 1767 apothecis
709 1691 822 1750 venire
838 1690 1020 1767 respondit:
1033 1710 1057 1751 ro

262 1804 361 1863 quarn
384 1788 471 1847 sicut
490 1788 587 1848 solito
603 1805 694 1848 more
715 1789 805 1865 prius
828 1789 957 1863 meruit,
979 1788 1022 1848 ita

262 1894 294 1944 et
318 1902 467 1960 pronunc
497 1886 604 1946 denuo
627 1886 756 1946 visitata
777 1903 889 1946 secum
913 1903 1021 1962 repor-

262 1982 353 2043 tavit.
397 1982 502 2043 Simili
532 1985 628 2044 modo
658 1994 732 2045 ante
759 2003 880 2061 paucos
908 2001 1022 2057 annos,

263 2080 421 2140 defuncto
445 2081 542 2141 fratre
565 2100 625 2141 suo
643 2082 819 2142 Wilhelmo
836 2082 934 2157 Petri,
957 2100 1021 2141 ma·

262 2194 360 2253 gnam
398 2177 561 2238 tristitiam
599 2180 731 2254 incidit,
767 2190 798 2240 et
829 2181 861 2240 in
897 2190 1020 2240 tantum
1034 2200 1058 2239 15

263 2294 304 2335 ex
327 2275 441 2335 dolore
470 2277 652 2353 obstupuit:
683 2287 717 2337 ut
739 2278 861 2338 diceret
890 2295 926 2338 se
949 2280 1022 2337 hac·

262 2387 362 2435 tenus
385 2373 543 2450 nescisse,
565 2375 650 2451 quod
681 2376 785 2435 adhuc
808 2376 851 2435 ita
882 2378 1023 2436 humana

264 2472 393 2532 fuisset.
421 2471 629 2548 Quapropter
645 2473 742 2531 etiarn
759 2474 860 2533 multo
876 2483 1022 2550 tempore

263 2569 361 2629 solita
393 2570 522 2629 carebat
553 2570 708 2629 alimonia
739 2571 1022 2646 contemplationis

264 2668 412 2741 divinae3
449 2667 533 2726 sicut
565 2668 692 2728 cuidam
729 2669 846 2728 devoto
877 2668 1059 2727 solitariozo

265 2764 296 2824 in
320 2764 467 2840 partibus
490 2764 631 2841 Aegypti
659 2766 838 2825 revelatum
869 2764 944 2824 fuit:
967 2765 1021 2841 qui

266 2863 336 2922 eius
366 2862 505 2922 consilio
535 2879 682 2923 eremum
711 2872 898 2923 constanter
925 2863 1022 2922 intra-

266 2961 318 3021 vit.
357 2961 407 3020 De
429 2961 524 3020 cuius
546 2973 657 3021 sancta
673 2961 923 3022 conversatione
938 2962 1021 3020 bene

268 3056 394 3133 incepta
425 3069 456 3118 et
485 3059 607 3135 optime
636 3070 877 3119 consummata:
910 3059 941 3118 in
972 3076 1022 3119 se·

269 3156 376 3229 quenti
393 3157 533 3232 capitulo
549 3157 752 3217 subinfertur
763 3159 848 3234 quod
866 3158 1022 3216 laetanter
1031 3174 1058 3215 25

271 3254 422 3313 audiatur.
