2692 4659
365 630 526 683 Θλςῖρῖῧῖ
554 629 717 672 SERMONES
732 630 772 671 Ao
788 630 937 673 NOVICIOS
963 631 1127 685 [emm

368 764 552 824 caelestem.
596 764 762 840 Interroga
790 763 968 841 quemlibet
996 764 1037 824 dc
1060 765 1127 825 vic-

367 861 492 922 toribus
521 871 553 921 et
582 862 733 922 caelestis
760 862 849 938 regni
873 861 1016 921 civibus:
1046 878 1126 938 quo·

367 957 463 1017 modo
485 957 613 1017 venerit
638 958 678 1017 ad
705 961 788 1018 hanc
810 958 943 1035 gloriam
968 958 1028 1018 Dei
1053 977 1125 1034 per-

367 1065 464 1132 petue
485 1056 726 1131 possidendam.
770 1057 888 1117 Nonne
912 1074 970 1133 per
991 1074 1125 1117 crucem

344 1164 399 1216 set
427 1155 592 1230 poenam?
635 1153 692 1213 Eia
720 1154 828 1213 dilecti
859 1153 992 1230 fratres,
1021 1156 1127 1216 tollite

366 1251 477 1327 iugum
490 1252 621 1311 Domini
633 1268 734 1327 super
744 1269 813 1326 vos,
828 1252 1010 1313 amantibus
1022 1270 1127 1314 suave

367 1358 397 1409 et
427 1350 517 1425 leve3
545 1349 778 1426 amplectimini
806 1351 1029 1411 desideranter
1052 1367 1126 1410 cru·

367 1465 437 1507 cem
453 1458 597 1507 sanctam
612 1448 764 1508 omnibus
776 1448 949 1509 virtutibus
966 1448 1127 1525 floridam,

367 1545 498 1605 caelesti
533 1545 687 1605 unctione
719 1547 866 1621 plenam:
902 1557 936 1606 ut
969 1546 1128 1622 perducat

333 1669 357 1709 ιο
367 1661 426 1703 vos
449 1644 520 1703 sine
537 1660 647 1704 errore
663 1661 737 1703 cum
754 1662 812 1719 spe
831 1644 953 1721 gloriae
975 1646 1009 1704 in
1023 1645 1126 1706 vitam

366 1750 542 1802 aeternam.
585 1742 673 1819 Quid
696 1742 795 1802 vultis
823 1743 989 1819 amplius?
1033 1744 1126 1804 Haec

367 1848 416 1898 est
434 1839 486 1898 via
508 1849 539 1900 ot
562 1858 626 1900 non
643 1840 721 1916 alia;
743 1841 907 1916 mareota,
928 1841 981 1901 via
1002 1851 1128 1917 sancta,

366 1937 418 1997 via
439 1938 600 2012 periecta:
629 1939 682 1997 via
705 1938 848 2014 Christi,
876 1938 929 1998 via
953 1938 1129 2018 iustorum,

366 2035 418 2095 via
433 2035 611 2099 electarum
628 2036 868 2095 salvandorum.
900 2033 1074 2097 Ambulate
1091 2038 1127 2098 in

331 2150 421 2207 rsea,
449 2142 657 2208 perseverate
686 2132 719 2192 in
743 2149 796 2207 ea3
825 2133 985 2193 sustinete
1013 2133 1048 2193 in
1076 2152 1128 2211 ea,

366 2231 465 2291 vivite
488 2231 520 2290 in
541 2248 595 2291 ea:
617 2230 781 2291 morimini
804 2230 837 2290 in
854 2248 901 2306 ea,
923 2232 1068 2308 expirate
1091 2234 1127 2294 in

366 2346 412 2389 ea.
456 2329 546 2390 Crux
577 2328 702 2389 Christi
732 2328 833 2388 vincit
863 2330 972 2388 omnia
1003 2329 1125 2391 diaboli

366 2426 641 2486 machinamenta:
662 2443 741 2485 crux
757 2427 795 2486 ad
811 2444 847 2486 se
863 2427 959 2486 trahit
975 2428 1125 2489 omnium

366 2524 510 2584 fidelium
533 2525 647 2600 corda;
677 2542 755 2584 crux
777 2525 864 2585 delet
892 2525 1001 2585 omnia
1030 2528 1126 2602 mala,

329 2632 397 2685 anet
419 2622 546 2682 confert
568 2621 662 2681 nobis
685 2622 793 2681 omnia
814 2622 916 2682 bona:
939 2639 997 2698 per
1013 2623 1125 2685 lesum

366 2719 536 2780 Christum
553 2720 607 2796 qui
631 2719 785 2795 pependit
800 2729 831 2779 et
846 2729 995 2780 mortuus
1017 2731 1068 2782 est
1091 2723 1124 2783 in

366 2835 412 2877 ea.
456 2818 529 2877 Non
553 2827 603 2877 est
624 2817 732 2893 aliqua
758 2828 920 2877 armatura
941 2827 1005 2878 tam
1030 2819 1124 2880 fortis

366 2932 426 2975 nec
449 2915 564 2991 sagitta
585 2924 648 2975 tam
665 2926 758 2975 acuta
781 2925 812 2975 et
834 2915 989 2975 terribilis
1011 2927 1124 2977 contra

365 3013 482 3073 diaboli
506 3013 682 3089 potentiam
702 3024 733 3073 et
754 3013 933 3088 saevitiam,
956 3031 1053 3091 quam
1076 3015 1122 3075 sic

328 3134 356 3174 25
365 3112 456 3172 timet
471 3111 556 3171 sicut
571 3111 700 3187 signum
717 3120 848 3171 sanctae
864 3111 989 3185 crucis;
1012 3111 1045 3171 in
1061 3129 1123 3188 qua

366 3209 467 3269 filium
492 3211 552 3270 Dei
576 3210 732 3286 suspendi
757 3210 833 3271 fecit
862 3220 893 3271 et
916 3211 1038 3271 occidi:
1068 3211 1120 3288 qui

366 3307 525 3367 innocens
548 3308 618 3383 fuit,
641 3317 671 3368 et
694 3309 732 3369 ab
752 3309 840 3369 omni
864 3310 991 3369 macula
1012 3326 1121 3386 purus.

366 3403 395 3465 O
418 3422 496 3465 vere
517 3406 610 3467 beata
632 3424 711 3466 crux
734 3406 859 3468 Christi
883 3408 971 3467 omni
998 3410 1122 3469 honore

365 3502 575 3579 dignissima,
617 3504 705 3565 omni
748 3522 858 3565 amore
900 3506 1121 3582 amplexanda,

328 3602 547 3662 aoamantibus
588 3602 669 3662 levis
706 3603 745 3662 ad
784 3604 977 3678 portandum
1014 3621 1122 3678 onera,

365 3698 513 3759 tristibus
544 3700 705 3760 solaciosa
735 3701 774 3759 ad
808 3700 1038 3761 sustinendum
1069 3702 1123 3762 ob·

727 3805 765 3847 rso
