2692 4659
205 812 274 889 Quo
307 813 392 872 lacto
425 812 621 873 diabolicum
655 810 735 870 illud
768 813 959 887 phantasma

204 910 354 970 virtutem
375 922 506 972 sanctae
522 910 630 971 crucis
646 910 732 970 ferre
754 927 820 971 non
836 912 959 985 valens,

206 1018 232 1068 et
242 1009 335 1085 quasi
350 1011 496 1087 sagittam
512 1019 638 1070 acutam
650 1018 762 1069 contra
773 1026 809 1068 se
824 1009 958 1068 missam

205 1107 349 1167 devitans
377 1108 469 1169 avia
490 1107 682 1168 declinavit:
711 1124 852 1183 moxque
881 1116 959 1167 tam·

205 1222 296 1281 quarn
322 1205 432 1265 fumus
460 1222 663 1266 evanescens
693 1223 732 1265 ex
761 1213 828 1265 toto
854 1204 981 1280 dispas

205 1304 273 1364 ruit.
316 1303 407 1364 Tunc
437 1307 575 1364 multum
598 1304 703 1363 laetus
725 1302 863 1363 effectus
892 1319 959 1361 mo·

205 1401 379 1462 uasterium
416 1412 565 1462 nostrum
600 1401 634 1461 in
667 1403 792 1461 honore
828 1408 958 1459 sanctae

205 1496 339 1574 Agnetis
375 1499 511 1576 virginis
546 1498 728 1559 dedicatum
773 1506 960 1558 constanter

205 1593 349 1656 intravit:
379 1598 464 1673 quod
493 1606 570 1657 tunc
599 1597 755 1673 temporis
785 1596 817 1655 in
845 1612 960 1671 magna

204 1703 391 1770 paupertate
426 1695 612 1771 inceptum,
647 1694 760 1770 paucis
794 1692 958 1769 cognitum
971 1711 995 1751 ro

205 1791 272 1853 luit.
307 1793 370 1853 Hic
385 1795 592 1870 postmodum
608 1794 720 1853 multis
735 1791 830 1852 annis
847 1807 959 1866 super·

204 1890 337 1965 viverra,
365 1892 404 1951 ad
429 1894 586 1953 honorem
609 1900 741 1951 sanctae
763 1888 871 1949 crucis
893 1904 959 1948 om-

205 1989 301 2048 nibus
334 1989 424 2050 leriis
459 1991 561 2051 sextis
591 1989 764 2065 ieiunavit3
800 1996 831 2048 et
862 1986 958 2046 etiam

205 2095 351 2163 tempore
374 2089 492 2148 messis
514 2088 641 2165 magnis
663 2087 828 2148 laboribus
851 2086 960 2162 latiga-

205 2194 273 2260 tus‚
302 2202 479 2261 numquam
509 2197 639 2247 sanctae
664 2186 772 2246 crucis
800 2183 958 2244 ieiunium
971 2203 995 2242 ιε

203 2283 317 2344 solvit:
344 2284 402 2343 sed
424 2284 624 2360 propositum
648 2301 743 2343 suum
767 2283 853 2359 quod
875 2281 959 2340 bene

203 2382 335 2459 incepit,
357 2382 621 2443 constantissime
643 2381 838 2442 terminavit.

524 2557 641 2606 ALlVD.

205 2632 371 2847 ffivit
393 2677 550 2752 quaedam
578 2694 672 2736 soror
693 2694 852 2737 conversa
875 2678 960 2737 Mar·

336 2785 445 2851 gareta
468 2775 600 2835 nomine
624 2777 695 2835 Deo
718 2777 834 2837 devota
855 2778 887 2837 in
910 2792 996 2838 or-2o

203 2873 280 2932 dine
312 2873 507 2948 regularium
540 2890 707 2949 sororum3
738 2891 821 2950 quae
852 2876 960 2936 officio

203 2971 364 3047 coquinae
385 2971 537 3048 deputata
560 2980 723 3048 tamquam
747 2973 852 3033 lidelis
876 2975 961 3035 Mar·

202 3069 273 3128 tha:
305 3067 439 3129 Christo
461 3079 494 3130 ct
515 3070 683 3130 sororibus
706 3071 872 3132 humiliter
894 3090 961 3132 ser·

203 3165 273 3225 vire
303 3166 443 3242 studuit,
472 3168 626 3244 quamdiu
656 3169 768 3245 potuit.
812 3169 960 3246 Quadam

203 3262 301 3340 igitur
322 3264 395 3323 vice
416 3264 522 3340 posita
543 3275 611 3326 erat
637 3267 755 3342 patella
776 3268 839 3327 olei
862 3284 996 3344 superas

203 3363 312 3439 ignem
335 3362 390 3438 qui
419 3364 567 3423 ardebat:
596 3365 667 3440 ipsa
688 3382 766 3425 vero
795 3366 884 3440 operi
915 3365 961 3425 in·

202 3470 292 3520 tenta
320 3476 386 3519 non
409 3460 504 3537 longe
527 3461 674 3521 distabat.
718 3462 870 3538 Cumque
892 3480 961 3522 cer·

201 3568 297 3619 neret
318 3557 428 3617 oleum
450 3559 549 3618 nimis
578 3560 716 3619 ebullire
745 3569 776 3619 et
805 3560 838 3619 in
861 3561 960 3620 altum

201 3674 338 3734 spumas
360 3656 433 3715 eius
454 3657 652 3731 ascendere3
675 3656 794 3716 timens
816 3657 894 3716 illud
916 3657 961 3716 el·

200 3754 295 3814 fundi
317 3762 350 3813 et
378 3752 454 3828 igne
476 3753 642 3813 consumi:
671 3753 768 3813 citius
790 3754 828 3813 ad
852 3754 997 3814 locumao

229 3854 478 3910 mamaeamopen.
488 3856 526 3899 Vl.
565 3858 604 3899 193
829 3858 854 3899 13
