2692 4659
354 648 516 701 Qffiffl
543 648 706 691 SERMONES
721 650 761 691 AD
779 649 927 693 NOVlCIOS
953 618 1116 707 ΝΜ
1155 701 1157 708 .

355 793 386 843 et
408 783 631 860 praerogativa
653 783 770 844 cordis.
814 785 852 845 Et
874 785 901 845 si
931 786 1032 847 luerit
1054 799 1114 848 ter·
1154 741 1157 826 i

354 880 467 940 narius
489 880 551 941 iste
573 898 632 956 per
653 883 897 958 quaternarium
920 885 1114 961 multiplica·
1150 855 1157 936 ⁴-

354 988 423 1038 tus:
463 978 622 1038 habemus
658 979 741 1039 forte
777 981 888 1041 stellas
931 983 1114 1057 duodecim,

354 1076 473 1153 quibus
496 1077 627 1154 reginae
649 1087 780 1138 nostrae
803 1079 951 1139 diadema
973 1081 1113 1156 praeiul·

331 1185 436 1251 egeat,
458 1174 632 1235 universis.
669 1175 752 1236 Mihi
776 1194 855 1237 sane
878 1178 987 1239 rutilat
1009 1180 1113 1257 fulgor

354 1274 459 1349 primo
490 1273 523 1332 in
554 1273 679 1333 Mariae
709 1274 936 1349 generatione:
967 1278 1113 1337 secundo

354 1369 387 1429 in
410 1370 555 1447 angelica
570 1370 782 1447 salutatione3
803 1372 898 1432 tertio
921 1374 954 1433 in
972 1374 1112 1451 Spiritus

354 1468 457 1527 sancti
480 1468 752 1543 superventione:
775 1478 889 1545 quarto
912 1470 946 1530 in
969 1471 1027 1531 lilii
1053 1472 1111 1531 Dei

355 1564 562 1625 inenarrabili
594 1566 818 1641 conceptione.
870 1568 1008 1629 Vestrae
1045 1570 1112 1646 qui·

320 1684 345 1724 io
355 1663 428 1722 dem
452 1662 634 1723 sedulitatis
657 1663 719 1723 erit
741 1663 867 1740 singula
896 1682 1047 1743 quaeque
1070 1667 1113 1727 di-

355 1760 508 1836 ligentius
539 1760 676 1820 intueri:
708 1761 787 1821 mihi
819 1779 898 1821 vero
930 1780 970 1823 ex
1002 1765 1113 1824 multis

355 1858 464 1918 verbis
494 1876 597 1934 pauca
627 1859 810 1920 innotuisse
839 1860 932 1920 vobis
961 1861 1113 1923 sufficiat.

355 1956 389 2017 Si
412 1957 486 2034 quis
508 1957 637 2033 plenius
658 1958 728 2017 vult
757 1956 842 2017 scire
871 1975 1007 2019 sensum
1037 1962 1114 2020 stel-

355 2055 457 2114 larum
481 2055 673 2133 mysticum:
705 2057 789 2131 legat
811 2055 901 2115 illum
925 2056 1010 2117 beati
1034 2058 1113 2118 Ber·

321 2153 446 2213 isnardi
467 2169 664 2229 sermonem,
686 2153 740 2213 tali
756 2154 898 2213 themate
914 2153 1114 2215 inchoatum.

356 2250 490 2327 Signum
513 2251 661 2327 apparuit
683 2251 716 2310 in
739 2252 840 2326 caelo,
862 2260 893 2311 et
915 2262 1033 2312 cetera.

396 2351 486 2410 Haec
509 2350 606 2425 igitur
628 2349 737 2409 dilecti
755 2349 871 2409 iratres
893 2358 1027 2425 propter
1049 2350 1115 2410 sin-

354 2450 500 2525 gularem
524 2448 741 2508 reverentiam
772 2457 804 2507 et
828 2463 971 2507 amorem
995 2447 1114 2508 beatis·

355 2546 457 2606 simae
480 2546 616 2623 virginis
638 2546 764 2605 Mariae
794 2545 984 2622 frequenter
1009 2548 1114 2606 revol-

317 2643 441 2719 avite,
472 2660 528 2702 ore
560 2642 739 2701 ruminate:
775 2653 807 2702 et
842 2660 900 2718 pro
935 2643 1113 2719 gratiarum

355 2741 482 2800 actione
513 2741 655 2817 hymnos
687 2749 719 2799 et
751 2740 875 2800 cantica
906 2741 1048 2801 laetitiae
1081 2742 1113 2801 in

356 2838 450 2899 festis
481 2848 513 2898 et
543 2838 576 2897 in
608 2837 918 2898 commemoratione
951 2839 1024 2899 eius
1056 2857 1114 2916 per

355 2952 475 2994 annum
492 2934 709 2994 libentissime
725 2935 903 2995 decantate.
931 2935 1112 3013 Praecipue

355 3043 463 3093 tamen
486 3044 559 3094 ante
582 3033 682 3092 altare
702 3033 762 3092 Dei
787 3043 818 3093 et
840 3050 948 3092 coram
972 3033 1112 3109 imagine

318 3131 466 3192 asbeatae
497 3130 632 3206 virginis
662 3131 766 3207 capita
794 3141 903 3191 vestra
931 3131 1052 3191 nudate
1083 3142 1113 3190 ct

355 3228 525 3302 inclinate;
546 3245 653 3303 genua
675 3228 843 3300 humiliter
865 3228 996 3304 flectite,
1019 3227 1110 3306 quasi

354 3336 560 3400 praesentem
583 3326 616 3385 in
640 3343 776 3403 corpore
795 3326 932 3386 Mariam
956 3326 1110 3387 videretis

355 3441 429 3484 cum
452 3425 567 3500 angelo
590 3425 796 3502 loquentem,
825 3434 880 3484 aut
909 3424 1011 3484 lilium
1038 3424 1109 3483 sinu

355 3532 538 3582 tenentem:
567 3540 708 3600 moxque
738 3523 874 3582 elevatis
903 3522 1009 3581 oculis
1038 3537 1109 3581 cum

319 3619 440 3682 aobona
455 3618 572 3679 fiducia
588 3621 769 3696 sperandae
791 3619 916 3694 salutis,
939 3637 1035 3696 opem
1054 3619 1109 3679 mi·

356 3718 554 3778 sericordiae
594 3737 612 3778 a
647 3729 749 3779 matre
785 3717 1031 3778 misericordiae
1066 3716 1108 3776 ai·

713 3822 754 3864 2³8
847 3836 862 3867 ο
