<?xml version="1.0" encoding="UTF-8"?>
<!DOCTYPE html PUBLIC "-//W3C//DTD XHTML 1.0 Transitional//EN"
    "http://www.w3.org/TR/xhtml1/DTD/xhtml1-transitional.dtd">
<html xmlns="http://www.w3.org/1999/xhtml" xml:lang="en" lang="en">
 <head>
  <title>
</title>
<meta http-equiv="Content-Type" content="text/html;charset=utf-8" />
  <meta name='ocr-system' content='tesseract 3.04.00' />
  <meta name='ocr-capabilities' content='ocr_page ocr_carea ocr_par ocr_line ocrx_word'/>
</head>
<body>
  <div class='ocr_page' id='page_1' title='image "./thomaehemerkena00pohlgoog_0031.png"; bbox 0 0 2692 4659; ppageno 0'>
   <div class='ocr_carea' id='block_1_1' title="bbox 278 664 1042 720">
    <p class='ocr_par' dir='ltr' id='par_1_1' title="bbox 278 664 1042 720">
     <span class='ocr_line' id='line_1_1' title="bbox 278 664 1042 720; baseline 0.003 -3"><span class='ocrx_word' id='word_1_1' title='bbox 278 664 1042 720; x_wconf 52' lang='lat' dir='ltr'>QMWWHQQQQQQ</span> 
     </span>
    </p>
   </div>
   <div class='ocr_carea' id='block_1_2' title="bbox 275 798 1074 3515">
    <p class='ocr_par' dir='ltr' id='par_1_2' title="bbox 275 798 1074 3515">
     <span class='ocr_line' id='line_1_2' title="bbox 276 798 1040 876; baseline 0.005 -19"><span class='ocrx_word' id='word_1_2' title='bbox 276 798 402 875; x_wconf 85' lang='lat' dir='ltr'>diligit:</span> <span class='ocrx_word' id='word_1_3' title='bbox 433 807 466 858; x_wconf 91' lang='lat' dir='ltr'>et</span> <span class='ocrx_word' id='word_1_4' title='bbox 493 798 542 858; x_wconf 90' lang='lat' dir='ltr'>sic</span> <span class='ocrx_word' id='word_1_5' title='bbox 571 815 612 858; x_wconf 90' lang='lat' dir='ltr'>ex</span> <span class='ocrx_word' id='word_1_6' title='bbox 633 798 786 860; x_wconf 90' lang='lat' dir='ltr'>omnibus</span> <span class='ocrx_word' id='word_1_7' title='bbox 814 799 950 876; x_wconf 84' lang='lat' dir='ltr'>prolicit.</span> <span class='ocrx_word' id='word_1_8' title='bbox 994 801 1040 861; x_wconf 92' lang='lat' dir='ltr'>Ibi</span> 
     </span>
     <span class='ocr_line' id='line_1_3' title="bbox 276 896 1040 973; baseline 0.005 -18"><span class='ocrx_word' id='word_1_9' title='bbox 276 896 418 956; x_wconf 90' lang='lat' dir='ltr'>alterius</span> <span class='ocrx_word' id='word_1_10' title='bbox 441 897 614 973; x_wconf 88' lang='lat' dir='ltr'>correptio,</span> <span class='ocrx_word' id='word_1_11' title='bbox 636 913 695 957; x_wconf 88' lang='lat' dir='ltr'>sua</span> <span class='ocrx_word' id='word_1_12' title='bbox 717 896 752 957; x_wconf 88' lang='lat' dir='ltr'>lit</span> <span class='ocrx_word' id='word_1_13' title='bbox 773 897 967 959; x_wconf 86' lang='lat' dir='ltr'>admonitio:</span> <span class='ocrx_word' id='word_1_14' title='bbox 995 898 1040 959; x_wconf 94' lang='lat' dir='ltr'>ibi</span> 
     </span>
     <span class='ocr_line' id='line_1_4' title="bbox 275 994 1041 1073; baseline 0.004 -20"><span class='ocrx_word' id='word_1_15' title='bbox 275 994 428 1054; x_wconf 90' lang='lat' dir='ltr'>alienum</span> <span class='ocrx_word' id='word_1_16' title='bbox 459 994 660 1071; x_wconf 88' lang='lat' dir='ltr'>periculum,</span> <span class='ocrx_word' id='word_1_17' title='bbox 695 996 863 1073; x_wconf 93' lang='lat' dir='ltr'>proprium</span> <span class='ocrx_word' id='word_1_18' title='bbox 899 995 1041 1057; x_wconf 83' lang='lat' dir='ltr'>eflicitur</span> 
     </span>
     <span class='ocr_line' id='line_1_5' title="bbox 276 1093 1040 1170; baseline 0.004 -18"><span class='ocrx_word' id='word_1_19' title='bbox 276 1094 466 1170; x_wconf 86' lang='lat' dir='ltr'>speculum.</span> <span class='ocrx_word' id='word_1_20' title='bbox 510 1093 556 1153; x_wconf 93' lang='lat' dir='ltr'>lbi</span> <span class='ocrx_word' id='word_1_21' title='bbox 586 1111 673 1154; x_wconf 88' lang='lat' dir='ltr'>unus</span> <span class='ocrx_word' id='word_1_22' title='bbox 702 1094 836 1154; x_wconf 91' lang='lat' dir='ltr'>alterius</span> <span class='ocrx_word' id='word_1_23' title='bbox 861 1104 911 1154; x_wconf 94' lang='lat' dir='ltr'>est</span> <span class='ocrx_word' id='word_1_24' title='bbox 933 1104 1040 1155; x_wconf 88' lang='lat' dir='ltr'>custo·</span> 
     </span>
     <span class='ocr_line' id='line_1_6' title="bbox 277 1191 1062 1269; baseline -0.005 -18"><span class='ocrx_word' id='word_1_25' title='bbox 277 1192 350 1252; x_wconf 91' lang='lat' dir='ltr'>dia:</span> <span class='ocrx_word' id='word_1_26' title='bbox 381 1200 414 1252; x_wconf 94' lang='lat' dir='ltr'>et</span> <span class='ocrx_word' id='word_1_27' title='bbox 442 1191 526 1252; x_wconf 90' lang='lat' dir='ltr'>alius</span> <span class='ocrx_word' id='word_1_28' title='bbox 555 1191 654 1252; x_wconf 90' lang='lat' dir='ltr'>alium</span> <span class='ocrx_word' id='word_1_29' title='bbox 684 1193 799 1269; x_wconf 92' lang='lat' dir='ltr'>probat</span> <span class='ocrx_word' id='word_1_30' title='bbox 820 1191 853 1252; x_wconf 93' lang='lat' dir='ltr'>in</span> <span class='ocrx_word' id='word_1_31' title='bbox 876 1192 1062 1269; x_wconf 83' lang='lat' dir='ltr'>patientias</span> 
     </span>
     <span class='ocr_line' id='line_1_7' title="bbox 278 1289 1040 1366; baseline 0 -17"><span class='ocrx_word' id='word_1_32' title='bbox 278 1290 327 1350; x_wconf 92' lang='lat' dir='ltr'>lbi</span> <span class='ocrx_word' id='word_1_33' title='bbox 352 1290 453 1350; x_wconf 93' lang='lat' dir='ltr'>homo</span> <span class='ocrx_word' id='word_1_34' title='bbox 482 1298 586 1366; x_wconf 92' lang='lat' dir='ltr'>portat</span> <span class='ocrx_word' id='word_1_35' title='bbox 608 1299 640 1349; x_wconf 93' lang='lat' dir='ltr'>et</span> <span class='ocrx_word' id='word_1_36' title='bbox 669 1298 832 1366; x_wconf 92' lang='lat' dir='ltr'>portatur:</span> <span class='ocrx_word' id='word_1_37' title='bbox 863 1289 906 1349; x_wconf 94' lang='lat' dir='ltr'>ibi</span> <span class='ocrx_word' id='word_1_38' title='bbox 938 1289 1040 1349; x_wconf 89' lang='lat' dir='ltr'>multa</span> 
     </span>
     <span class='ocr_line' id='line_1_8' title="bbox 278 1386 1040 1464; baseline 0.001 -18"><span class='ocrx_word' id='word_1_39' title='bbox 278 1388 372 1447; x_wconf 89' lang='lat' dir='ltr'>audit</span> <span class='ocrx_word' id='word_1_40' title='bbox 393 1397 426 1447; x_wconf 97' lang='lat' dir='ltr'>et</span> <span class='ocrx_word' id='word_1_41' title='bbox 439 1386 528 1447; x_wconf 91' lang='lat' dir='ltr'>videt</span> <span class='ocrx_word' id='word_1_42' title='bbox 549 1387 636 1447; x_wconf 89' lang='lat' dir='ltr'>unde</span> <span class='ocrx_word' id='word_1_43' title='bbox 658 1386 822 1447; x_wconf 89' lang='lat' dir='ltr'>doceatur.</span> <span class='ocrx_word' id='word_1_44' title='bbox 860 1386 905 1447; x_wconf 92' lang='lat' dir='ltr'>lbi</span> <span class='ocrx_word' id='word_1_45' title='bbox 929 1388 1040 1464; x_wconf 89' lang='lat' dir='ltr'>regula</span> 
     </span>
     <span class='ocr_line' id='line_1_9' title="bbox 279 1485 1038 1546; baseline -0.001 -1"><span class='ocrx_word' id='word_1_46' title='bbox 279 1494 313 1545; x_wconf 91' lang='lat' dir='ltr'>et</span> <span class='ocrx_word' id='word_1_47' title='bbox 336 1502 430 1545; x_wconf 90' lang='lat' dir='ltr'>sacra</span> <span class='ocrx_word' id='word_1_48' title='bbox 458 1485 618 1546; x_wconf 88' lang='lat' dir='ltr'>institutio</span> <span class='ocrx_word' id='word_1_49' title='bbox 647 1485 681 1545; x_wconf 94' lang='lat' dir='ltr'>in</span> <span class='ocrx_word' id='word_1_50' title='bbox 711 1485 797 1546; x_wconf 95' lang='lat' dir='ltr'>bono</span> <span class='ocrx_word' id='word_1_51' title='bbox 826 1495 1038 1545; x_wconf 90' lang='lat' dir='ltr'>conservant:</span> 
     </span>
     <span class='ocr_line' id='line_1_10' title="bbox 280 1581 1038 1659; baseline 0.001 -18"><span class='ocrx_word' id='word_1_52' title='bbox 280 1582 324 1643; x_wconf 94' lang='lat' dir='ltr'>ibi</span> <span class='ocrx_word' id='word_1_53' title='bbox 337 1582 504 1643; x_wconf 71' lang='lat' dir='ltr'>consessio</span> <span class='ocrx_word' id='word_1_54' title='bbox 521 1592 553 1643; x_wconf 91' lang='lat' dir='ltr'>et</span> <span class='ocrx_word' id='word_1_55' title='bbox 568 1581 740 1659; x_wconf 85' lang='lat' dir='ltr'>disciplina</span> <span class='ocrx_word' id='word_1_56' title='bbox 755 1598 912 1643; x_wconf 87' lang='lat' dir='ltr'>excessus</span> <span class='ocrx_word' id='word_1_57' title='bbox 928 1598 1038 1642; x_wconf 94' lang='lat' dir='ltr'>emen·</span> 
     </span>
     <span class='ocr_line' id='line_1_11' title="bbox 280 1679 1074 1740; baseline -0.001 -1"><span class='ocrx_word' id='word_1_58' title='bbox 280 1680 368 1740; x_wconf 88' lang='lat' dir='ltr'>dant.</span> <span class='ocrx_word' id='word_1_59' title='bbox 413 1679 458 1739; x_wconf 95' lang='grc' dir='ltr'>1δί</span> <span class='ocrx_word' id='word_1_60' title='bbox 480 1680 556 1740; x_wconf 94' lang='lat' dir='ltr'>boni</span> <span class='ocrx_word' id='word_1_61' title='bbox 577 1680 848 1740; x_wconf 86' lang='lat' dir='ltr'>commendantur</span> <span class='ocrx_word' id='word_1_62' title='bbox 869 1689 904 1740; x_wconf 89' lang='lat' dir='ltr'>ut</span> <span class='ocrx_word' id='word_1_63' title='bbox 926 1680 1037 1740; x_wconf 94' lang='lat' dir='ltr'>melio·</span> <span class='ocrx_word' id='word_1_64' title='bbox 1050 1696 1074 1738; x_wconf 88' lang='lat' dir='ltr'>ro</span> 
     </span>
     <span class='ocr_line' id='line_1_12' title="bbox 281 1777 1038 1855; baseline -0.001 -17"><span class='ocrx_word' id='word_1_65' title='bbox 281 1794 335 1838; x_wconf 89' lang='lat' dir='ltr'>res</span> <span class='ocrx_word' id='word_1_66' title='bbox 359 1777 452 1838; x_wconf 87' lang='lat' dir='ltr'>fiant:</span> <span class='ocrx_word' id='word_1_67' title='bbox 481 1778 525 1838; x_wconf 94' lang='lat' dir='ltr'>ibi</span> <span class='ocrx_word' id='word_1_68' title='bbox 554 1780 767 1855; x_wconf 86' lang='lat' dir='ltr'>neglegentes</span> <span class='ocrx_word' id='word_1_69' title='bbox 796 1786 975 1855; x_wconf 89' lang='lat' dir='ltr'>arguuntur</span> <span class='ocrx_word' id='word_1_70' title='bbox 1003 1786 1038 1837; x_wconf 92' lang='lat' dir='ltr'>ut</span> 
     </span>
     <span class='ocr_line' id='line_1_13' title="bbox 281 1875 1037 1953; baseline 0 -18"><span class='ocrx_word' id='word_1_71' title='bbox 281 1875 517 1936; x_wconf 82' lang='lat' dir='ltr'>refervescant.</span> <span class='ocrx_word' id='word_1_72' title='bbox 561 1876 607 1936; x_wconf 91' lang='lat' dir='ltr'>lbi</span> <span class='ocrx_word' id='word_1_73' title='bbox 630 1878 729 1937; x_wconf 94' lang='lat' dir='ltr'>homo</span> <span class='ocrx_word' id='word_1_74' title='bbox 752 1894 818 1937; x_wconf 93' lang='lat' dir='ltr'>non</span> <span class='ocrx_word' id='word_1_75' title='bbox 840 1875 1037 1953; x_wconf 86' lang='lat' dir='ltr'>permittitur</span> 
     </span>
     <span class='ocr_line' id='line_1_14' title="bbox 281 1973 1035 2049; baseline -0.001 -16"><span class='ocrx_word' id='word_1_76' title='bbox 281 1981 485 2049; x_wconf 88' lang='lat' dir='ltr'>torpescere:</span> <span class='ocrx_word' id='word_1_77' title='bbox 508 1990 569 2034; x_wconf 93' lang='lat' dir='ltr'>nec</span> <span class='ocrx_word' id='word_1_78' title='bbox 585 1975 768 2046; x_wconf 84' lang='lat' dir='ltr'>secundum</span> <span class='ocrx_word' id='word_1_79' title='bbox 790 1991 886 2034; x_wconf 93' lang='lat' dir='ltr'>suum</span> <span class='ocrx_word' id='word_1_80' title='bbox 909 1973 1035 2033; x_wconf 92' lang='lat' dir='ltr'>libitum</span> 
     </span>
     <span class='ocr_line' id='line_1_15' title="bbox 281 2070 1037 2149; baseline 0 -19"><span class='ocrx_word' id='word_1_81' title='bbox 281 2087 386 2148; x_wconf 88' lang='lat' dir='ltr'>agere.</span> <span class='ocrx_word' id='word_1_82' title='bbox 437 2071 483 2131; x_wconf 92' lang='lat' dir='ltr'>lbi</span> <span class='ocrx_word' id='word_1_83' title='bbox 515 2071 641 2149; x_wconf 91' lang='lat' dir='ltr'>cogitur</span> <span class='ocrx_word' id='word_1_84' title='bbox 671 2072 800 2149; x_wconf 90' lang='lat' dir='ltr'>spiritui</span> <span class='ocrx_word' id='word_1_85' title='bbox 831 2070 973 2132; x_wconf 90' lang='lat' dir='ltr'>servire:</span> <span class='ocrx_word' id='word_1_86' title='bbox 1005 2080 1037 2130; x_wconf 92' lang='lat' dir='ltr'>et</span> 
     </span>
     <span class='ocr_line' id='line_1_16' title="bbox 281 2168 1072 2231; baseline -0.006 -2"><span class='ocrx_word' id='word_1_87' title='bbox 281 2170 388 2230; x_wconf 92' lang='lat' dir='ltr'>carnis</span> <span class='ocrx_word' id='word_1_88' title='bbox 416 2169 590 2230; x_wconf 85' lang='lat' dir='ltr'>desideriis</span> <span class='ocrx_word' id='word_1_89' title='bbox 622 2170 787 2231; x_wconf 89' lang='lat' dir='ltr'>resistere.</span> <span class='ocrx_word' id='word_1_90' title='bbox 831 2170 876 2230; x_wconf 95' lang='grc' dir='ltr'>1δί</span> <span class='ocrx_word' id='word_1_91' title='bbox 906 2168 1036 2228; x_wconf 89' lang='lat' dir='ltr'>diversa</span> <span class='ocrx_word' id='word_1_92' title='bbox 1047 2183 1072 2225; x_wconf 89' lang='lat'>15</span> 
     </span>
     <span class='ocr_line' id='line_1_17' title="bbox 282 2267 1035 2329; baseline 0.001 -3"><span class='ocrx_word' id='word_1_93' title='bbox 282 2277 356 2327; x_wconf 85' lang='lat' dir='ltr'>sunt</span> <span class='ocrx_word' id='word_1_94' title='bbox 371 2267 496 2328; x_wconf 81' lang='lat' dir='ltr'>officia:</span> <span class='ocrx_word' id='word_1_95' title='bbox 519 2278 551 2329; x_wconf 94' lang='lat' dir='ltr'>et</span> <span class='ocrx_word' id='word_1_96' title='bbox 566 2269 667 2329; x_wconf 94' lang='lat' dir='ltr'>multa</span> <span class='ocrx_word' id='word_1_97' title='bbox 682 2269 878 2329; x_wconf 86' lang='lat' dir='ltr'>exhibentur</span> <span class='ocrx_word' id='word_1_98' title='bbox 893 2267 1035 2328; x_wconf 93' lang='lat' dir='ltr'>caritatis</span> 
     </span>
     <span class='ocr_line' id='line_1_18' title="bbox 282 2363 1036 2443; baseline 0.001 -21"><span class='ocrx_word' id='word_1_99' title='bbox 282 2363 447 2441; x_wconf 89' lang='lat' dir='ltr'>obsequia.</span> <span class='ocrx_word' id='word_1_100' title='bbox 491 2364 537 2424; x_wconf 95' lang='grc' dir='ltr'>1δί</span> <span class='ocrx_word' id='word_1_101' title='bbox 560 2365 670 2426; x_wconf 89' lang='lat' dir='ltr'>omnia</span> <span class='ocrx_word' id='word_1_102' title='bbox 692 2376 822 2443; x_wconf 92' lang='lat' dir='ltr'>tempus</span> <span class='ocrx_word' id='word_1_103' title='bbox 844 2365 981 2425; x_wconf 92' lang='lat' dir='ltr'>habent:</span> <span class='ocrx_word' id='word_1_104' title='bbox 1004 2374 1036 2424; x_wconf 92' lang='lat' dir='ltr'>et</span> 
     </span>
     <span class='ocr_line' id='line_1_19' title="bbox 281 2461 1036 2541; baseline 0 -20"><span class='ocrx_word' id='word_1_105' title='bbox 281 2461 319 2521; x_wconf 90' lang='lat' dir='ltr'>ad</span> <span class='ocrx_word' id='word_1_106' title='bbox 349 2480 433 2539; x_wconf 93' lang='lat' dir='ltr'>opus</span> <span class='ocrx_word' id='word_1_107' title='bbox 461 2480 558 2523; x_wconf 94' lang='lat' dir='ltr'>suum</span> <span class='ocrx_word' id='word_1_108' title='bbox 591 2463 731 2541; x_wconf 93' lang='lat' dir='ltr'>quisque</span> <span class='ocrx_word' id='word_1_109' title='bbox 761 2481 801 2525; x_wconf 87' lang='lat' dir='ltr'>ex</span> <span class='ocrx_word' id='word_1_110' title='bbox 829 2462 1036 2524; x_wconf 85' lang='lat' dir='ltr'>oboedientia</span> 
     </span>
     <span class='ocr_line' id='line_1_20' title="bbox 282 2560 1035 2622; baseline 0 -3"><span class='ocrx_word' id='word_1_111' title='bbox 282 2560 376 2620; x_wconf 91' lang='lat' dir='ltr'>vadit.</span> <span class='ocrx_word' id='word_1_112' title='bbox 420 2560 466 2620; x_wconf 92' lang='lat' dir='ltr'>lbi</span> <span class='ocrx_word' id='word_1_113' title='bbox 498 2561 580 2620; x_wconf 93' lang='lat' dir='ltr'>nulli</span> <span class='ocrx_word' id='word_1_114' title='bbox 612 2561 706 2622; x_wconf 94' lang='lat' dir='ltr'>otiari</span> <span class='ocrx_word' id='word_1_115' title='bbox 738 2561 945 2622; x_wconf 88' lang='lat' dir='ltr'>conceditur:</span> <span class='ocrx_word' id='word_1_116' title='bbox 977 2560 1035 2619; x_wconf 92' lang='lat' dir='ltr'>sed</span> 
     </span>
     <span class='ocr_line' id='line_1_21' title="bbox 282 2658 1071 2737; baseline 0 -21"><span class='ocrx_word' id='word_1_117' title='bbox 282 2658 458 2735; x_wconf 90' lang='lat' dir='ltr'>unicuique</span> <span class='ocrx_word' id='word_1_118' title='bbox 474 2675 629 2719; x_wconf 90' lang='lat' dir='ltr'>mensura</span> <span class='ocrx_word' id='word_1_119' title='bbox 639 2659 749 2735; x_wconf 92' lang='lat' dir='ltr'>operis</span> <span class='ocrx_word' id='word_1_120' title='bbox 765 2659 955 2737; x_wconf 90' lang='lat' dir='ltr'>iniungitur.</span> <span class='ocrx_word' id='word_1_121' title='bbox 988 2658 1071 2718; x_wconf 78' lang='lat' dir='ltr'>lbizo</span> 
     </span>
     <span class='ocr_line' id='line_1_22' title="bbox 281 2754 1034 2818; baseline 0.001 -4"><span class='ocrx_word' id='word_1_122' title='bbox 281 2754 430 2817; x_wconf 85' lang='lat' dir='ltr'>infirmus</span> <span class='ocrx_word' id='word_1_123' title='bbox 452 2775 470 2816; x_wconf 92' lang='lat' dir='ltr'>a</span> <span class='ocrx_word' id='word_1_124' title='bbox 486 2756 620 2817; x_wconf 86' lang='lat' dir='ltr'>fortiore</span> <span class='ocrx_word' id='word_1_125' title='bbox 635 2767 852 2818; x_wconf 90' lang='lat' dir='ltr'>sustentatur:</span> <span class='ocrx_word' id='word_1_126' title='bbox 875 2757 918 2817; x_wconf 92' lang='lat' dir='ltr'>ibi</span> <span class='ocrx_word' id='word_1_127' title='bbox 934 2773 1034 2816; x_wconf 89' lang='lat' dir='ltr'>sanus</span> 
     </span>
     <span class='ocr_line' id='line_1_23' title="bbox 281 2852 1035 2917; baseline 0.004 -6"><span class='ocrx_word' id='word_1_128' title='bbox 281 2852 445 2914; x_wconf 85' lang='lat' dir='ltr'>infirmum</span> <span class='ocrx_word' id='word_1_129' title='bbox 468 2854 605 2915; x_wconf 90' lang='lat' dir='ltr'>visitans</span> <span class='ocrx_word' id='word_1_130' title='bbox 627 2855 763 2917; x_wconf 90' lang='lat' dir='ltr'>Christo</span> <span class='ocrx_word' id='word_1_131' title='bbox 791 2855 917 2916; x_wconf 89' lang='lat' dir='ltr'>servire</span> <span class='ocrx_word' id='word_1_132' title='bbox 939 2855 1035 2915; x_wconf 91' lang='lat' dir='ltr'>laeta·</span> 
     </span>
     <span class='ocr_line' id='line_1_24' title="bbox 280 2951 1035 3014; baseline 0.003 -5"><span class='ocrx_word' id='word_1_133' title='bbox 280 2960 339 3012; x_wconf 90' lang='lat' dir='ltr'>tur.</span> <span class='ocrx_word' id='word_1_134' title='bbox 385 2951 431 3011; x_wconf 95' lang='grc' dir='ltr'>1δί</span> <span class='ocrx_word' id='word_1_135' title='bbox 454 2970 519 3012; x_wconf 93' lang='lat' dir='ltr'>uno</span> <span class='ocrx_word' id='word_1_136' title='bbox 536 2953 709 3014; x_wconf 85' lang='lat' dir='ltr'>deficiente</span> <span class='ocrx_word' id='word_1_137' title='bbox 731 2953 815 3013; x_wconf 91' lang='lat' dir='ltr'>alius</span> <span class='ocrx_word' id='word_1_138' title='bbox 831 2953 939 3013; x_wconf 93' lang='lat' dir='ltr'>locum</span> <span class='ocrx_word' id='word_1_139' title='bbox 963 2952 1035 3012; x_wconf 92' lang='lat' dir='ltr'>eius</span> 
     </span>
     <span class='ocr_line' id='line_1_25' title="bbox 280 3050 1034 3127; baseline 0 -18"><span class='ocrx_word' id='word_1_140' title='bbox 280 3050 427 3126; x_wconf 91' lang='lat' dir='ltr'>supplet:</span> <span class='ocrx_word' id='word_1_141' title='bbox 457 3050 500 3110; x_wconf 94' lang='lat' dir='ltr'>ibi</span> <span class='ocrx_word' id='word_1_142' title='bbox 522 3068 601 3111; x_wconf 89' lang='lat' dir='ltr'>sana</span> <span class='ocrx_word' id='word_1_143' title='bbox 623 3051 770 3112; x_wconf 91' lang='lat' dir='ltr'>membra</span> <span class='ocrx_word' id='word_1_144' title='bbox 791 3068 849 3127; x_wconf 93' lang='lat' dir='ltr'>pro</span> <span class='ocrx_word' id='word_1_145' title='bbox 872 3050 1034 3110; x_wconf 89' lang='lat' dir='ltr'>debilibus</span> 
     </span>
     <span class='ocr_line' id='line_1_26' title="bbox 278 3147 1070 3225; baseline -0.003 -18"><span class='ocrx_word' id='word_1_146' title='bbox 278 3148 504 3208; x_wconf 91' lang='lat' dir='ltr'>sollicitantur.</span> <span class='ocrx_word' id='word_1_147' title='bbox 535 3149 580 3208; x_wconf 93' lang='lat' dir='ltr'>lbi</span> <span class='ocrx_word' id='word_1_148' title='bbox 604 3149 730 3210; x_wconf 90' lang='lat' dir='ltr'>activus</span> <span class='ocrx_word' id='word_1_149' title='bbox 753 3166 810 3225; x_wconf 94' lang='lat' dir='ltr'>pro</span> <span class='ocrx_word' id='word_1_150' title='bbox 833 3157 968 3207; x_wconf 91' lang='lat' dir='ltr'>vacante</span> <span class='ocrx_word' id='word_1_151' title='bbox 991 3147 1033 3206; x_wconf 92' lang='lat' dir='ltr'>la·</span> <span class='ocrx_word' id='word_1_152' title='bbox 1042 3165 1070 3205; x_wconf 80' lang='lat'>25</span> 
     </span>
     <span class='ocr_line' id='line_1_27' title="bbox 277 3245 1033 3322; baseline 0 -18"><span class='ocrx_word' id='word_1_153' title='bbox 277 3245 385 3305; x_wconf 90' lang='lat' dir='ltr'>borat:</span> <span class='ocrx_word' id='word_1_154' title='bbox 407 3245 452 3305; x_wconf 93' lang='lat' dir='ltr'>ibi</span> <span class='ocrx_word' id='word_1_155' title='bbox 476 3246 546 3305; x_wconf 89' lang='lat' dir='ltr'>Deo</span> <span class='ocrx_word' id='word_1_156' title='bbox 569 3264 689 3306; x_wconf 92' lang='lat' dir='ltr'>vacans</span> <span class='ocrx_word' id='word_1_157' title='bbox 711 3263 769 3322; x_wconf 95' lang='lat' dir='ltr'>pro</span> <span class='ocrx_word' id='word_1_158' title='bbox 793 3246 958 3305; x_wconf 89' lang='lat' dir='ltr'>laborante</span> <span class='ocrx_word' id='word_1_159' title='bbox 981 3262 1033 3304; x_wconf 87' lang='lat' dir='ltr'>ex-</span> 
     </span>
     <span class='ocr_line' id='line_1_28' title="bbox 275 3341 1032 3419; baseline 0 -18"><span class='ocrx_word' id='word_1_160' title='bbox 275 3351 356 3402; x_wconf 92' lang='lat' dir='ltr'>orat.</span> <span class='ocrx_word' id='word_1_161' title='bbox 395 3341 441 3401; x_wconf 91' lang='lat' dir='ltr'>lbi</span> <span class='ocrx_word' id='word_1_162' title='bbox 464 3359 530 3401; x_wconf 95' lang='lat' dir='ltr'>uno</span> <span class='ocrx_word' id='word_1_163' title='bbox 552 3342 680 3419; x_wconf 91' lang='lat' dir='ltr'>legente</span> <span class='ocrx_word' id='word_1_164' title='bbox 696 3342 788 3403; x_wconf 93' lang='lat' dir='ltr'>multi</span> <span class='ocrx_word' id='word_1_165' title='bbox 805 3341 1032 3402; x_wconf 86' lang='lat' dir='ltr'>aedificantur:</span> 
     </span>
     <span class='ocr_line' id='line_1_29' title="bbox 275 3438 1033 3515; baseline 0.001 -18"><span class='ocrx_word' id='word_1_166' title='bbox 275 3438 318 3498; x_wconf 94' lang='lat' dir='ltr'>ibi</span> <span class='ocrx_word' id='word_1_167' title='bbox 339 3438 462 3515; x_wconf 89' lang='lat' dir='ltr'>singuli</span> <span class='ocrx_word' id='word_1_168' title='bbox 478 3439 698 3509; x_wconf 80' lang='lat' dir='ltr'>hebdomadas</span> <span class='ocrx_word' id='word_1_169' title='bbox 713 3457 791 3500; x_wconf 89' lang='lat' dir='ltr'>suas</span> <span class='ocrx_word' id='word_1_170' title='bbox 806 3439 975 3515; x_wconf 89' lang='lat' dir='ltr'>explentes</span> <span class='ocrx_word' id='word_1_171' title='bbox 996 3455 1033 3498; x_wconf 89' lang='lat' dir='ltr'>se</span> 
     </span>
    </p>
   </div>
   <div class='ocr_carea' id='block_1_3' title="bbox 273 3535 1069 3710">
    <p class='ocr_par' dir='ltr' id='par_1_3' title="bbox 273 3535 1069 3710">
     <span class='ocr_line' id='line_1_30' title="bbox 273 3535 1032 3615; baseline -0.001 -19"><span class='ocrx_word' id='word_1_172' title='bbox 273 3536 420 3596; x_wconf 89' lang='lat' dir='ltr'>invicem</span> <span class='ocrx_word' id='word_1_173' title='bbox 436 3535 585 3612; x_wconf 86' lang='lat' dir='ltr'>liberant,</span> <span class='ocrx_word' id='word_1_174' title='bbox 600 3554 641 3597; x_wconf 93' lang='lat' dir='ltr'>ne</span> <span class='ocrx_word' id='word_1_175' title='bbox 657 3538 841 3615; x_wconf 86' lang='lat' dir='ltr'>fatigentur.</span> <span class='ocrx_word' id='word_1_176' title='bbox 872 3537 918 3597; x_wconf 92' lang='lat' dir='ltr'>lbi</span> <span class='ocrx_word' id='word_1_177' title='bbox 934 3538 1032 3596; x_wconf 92' lang='lat' dir='ltr'>homo</span> 
     </span>
     <span class='ocr_line' id='line_1_31' title="bbox 273 3634 1069 3710; baseline 0.003 -17"><span class='ocrx_word' id='word_1_178' title='bbox 273 3634 374 3693; x_wconf 90' lang='lat' dir='ltr'>habet</span> <span class='ocrx_word' id='word_1_179' title='bbox 396 3634 518 3693; x_wconf 89' lang='lat' dir='ltr'>multos</span> <span class='ocrx_word' id='word_1_180' title='bbox 541 3651 598 3710; x_wconf 94' lang='lat' dir='ltr'>pro</span> <span class='ocrx_word' id='word_1_181' title='bbox 621 3652 657 3694; x_wconf 90' lang='lat' dir='ltr'>se</span> <span class='ocrx_word' id='word_1_182' title='bbox 680 3645 827 3695; x_wconf 92' lang='lat' dir='ltr'>orantes:</span> <span class='ocrx_word' id='word_1_183' title='bbox 857 3645 889 3695; x_wconf 91' lang='lat' dir='ltr'>et</span> <span class='ocrx_word' id='word_1_184' title='bbox 917 3635 951 3695; x_wconf 91' lang='lat' dir='ltr'>in</span> <span class='ocrx_word' id='word_1_185' title='bbox 980 3652 1069 3695; x_wconf 77' lang='lat' dir='ltr'>err-ao</span> 
     </span>
    </p>
   </div>
   <div class='ocr_carea' id='block_1_4' title="bbox 271 3730 1032 3878">
    <p class='ocr_par' dir='ltr' id='par_1_4' title="bbox 271 3730 1032 3878">
     <span class='ocr_line' id='line_1_32' title="bbox 271 3730 1032 3809; baseline 0.003 -18"><span class='ocrx_word' id='word_1_186' title='bbox 271 3730 390 3791; x_wconf 89' lang='lat' dir='ltr'>tremis</span> <span class='ocrx_word' id='word_1_187' title='bbox 420 3747 458 3790; x_wconf 89' lang='lat' dir='ltr'>se</span> <span class='ocrx_word' id='word_1_188' title='bbox 488 3741 600 3791; x_wconf 92' lang='lat' dir='ltr'>contra</span> <span class='ocrx_word' id='word_1_189' title='bbox 628 3733 791 3793; x_wconf 91' lang='lat' dir='ltr'>diabolum</span> <span class='ocrx_word' id='word_1_190' title='bbox 814 3742 1032 3809; x_wconf 75' lang='lat' dir='ltr'>protegentes</span> 
     </span>
     <span class='ocr_line' id='line_1_33' title="bbox 644 3839 669 3878; baseline 0 0"><span class='ocrx_word' id='word_1_191' title='bbox 644 3839 669 3878; x_wconf 88' lang='lat'>15</span> 
     </span>
    </p>
   </div>
   <div class='ocr_carea' id='block_1_5' title="bbox 0 0 1350 4659">
    <p class='ocr_par' dir='ltr' id='par_1_5' title="bbox 0 0 1350 4659">
     <span class='ocr_line' id='line_1_34' title="bbox 0 0 1350 4659; baseline 0 1"><span class='ocrx_word' id='word_1_192' title='bbox 0 0 1350 4659; x_wconf 95' lang='lat' dir='ltr'> </span> 
     </span>
    </p>
   </div>
  </div>
 </body>
</html>
