2692 4659
237 682 525 735 memoamaam
570 682 675 725 117-19
719 682 1000 737 &mamfocne

239 816 369 893 cipere:
397 833 480 892 quos
509 816 564 876 ille
593 817 631 876 ab
658 816 798 876 ecclesia
819 818 938 878 tollens
959 817 999 877 ad

238 915 436 991 signandum
448 932 519 974 eam
531 932 644 975 secum
655 914 831 975 deferebat.
848 915 998 992 Quodam

239 1013 341 1089 igitur
368 1012 638 1090 quadragesimali
665 1022 829 1090 tempore,
858 1013 998 1075 instante

240 1110 326 1170 feria
347 1120 460 1187 quarta
482 1110 534 1170 die
554 1110 719 1171 cinerum:
741 1111 912 1171 confessor
927 1112 999 1171 eius

240 1209 413 1285 ingressus
434 1209 473 1268 ad
496 1226 584 1283 eam,
607 1208 817 1285 interrogavit
839 1227 878 1269 an
901 1210 1022 1271 vellets

239 1323 357 1365 secum
373 1306 412 1365 ab
428 1306 568 1366 ecclesia
583 1306 713 1366 cineres
728 1307 908 1383 deportare.
939 1306 999 1366 Re-

239 1403 374 1480 spondit
396 1404 487 1480 virgo
505 1403 628 1464 dicens
661 1405 773 1465 Potest
787 1405 908 1464 bonum
925 1421 999 1464 esse

240 1502 330 1578 quod
353 1501 396 1562 ita
419 1501 553 1562 faciatis
584 1502 819 1563 Verumtamen
838 1502 999 1561 Dominus

240 1599 324 1659 mihi
340 1599 480 1675 providit
495 1600 535 1660 de
551 1600 726 1660 cineribus.
753 1599 900 1677 Angelus
911 1600 998 1660 enim

241 1697 376 1757 Domini
404 1698 499 1773 paulo
521 1709 595 1759 ante
617 1698 702 1775 apud
724 1714 795 1757 eam
819 1698 939 1758 iuerat:
968 1707 999 1758 et
1011 1715 1035 1755 ro

240 1794 411 1854 cineribus
438 1795 577 1857 irontem
604 1796 677 1856 eius
699 1796 892 1873 signaverat.
935 1796 998 1855 Sed

239 1905 278 1953 ut
308 1894 480 1954 coniessor
508 1894 580 1953 eius
609 1894 648 1953 de
676 1894 728 1953 his
750 1894 999 1968 certificaretur3

240 1990 298 2050 illa
329 1993 533 2067 apprehensa
564 2008 661 2050 manu
691 1991 763 2051 eius
791 1991 899 2068 posuit
927 2008 999 2051 eam

240 2106 344 2165 super
374 2075 503 2148 cineres
534 2097 568 2147 ut
599 2105 657 2147 eos
688 2097 849 2164 tangeret:
883 2098 914 2148 et
945 2088 999 2148 ille

242 2185 419 2246 maniieste
451 2184 555 2245 sensit
586 2185 634 2245 sic
665 2203 750 2245 esse.
798 2186 936 2261 Insuper
966 2196 1000 2246 ut
1012 2203 1036 2243 rs

241 2291 352 2343 tantae
380 2281 501 2358 gratiae
530 2282 692 2358 particeps
721 2282 829 2342 lieret:
860 2282 999 2343 frontem

240 2397 337 2439 suam
354 2379 451 2439 fronti
468 2380 540 2439 eius
561 2380 631 2457 ipsa
651 2380 783 2441 iubente
805 2379 1000 2457 permissive

240 2476 426 2553 applicavit.
459 2478 604 2539 Docebat
625 2495 756 2554 quoque
779 2495 849 2537 eam
865 2479 1001 2554 angelus

242 2575 378 2634 Domini
398 2577 485 2652 quod
500 2576 720 2654 suscipientes
735 2594 846 2636 sacros
862 2577 1001 2651 cineres

240 2690 319 2733 cum
331 2673 454 2733 lumine
466 2684 498 2734 et
509 2691 607 2734 cruce
618 2692 676 2734 eos
687 2674 902 2751 susciperent,
915 2674 1000 2733 scili·
1010 2689 1037 2730 κο

241 2779 296 2830 cet
307 2773 474 2832 ardentem
487 2789 619 2832 cereum
629 2790 703 2832 cum
715 2789 812 2832 cruce
823 2772 856 2831 in
867 2771 1000 2831 denario

241 2870 282 2929 ad
299 2870 399 2929 altare
423 2870 574 2930 ferendo:
597 2871 629 2930 in
650 2871 778 2947 signum
795 2870 880 2946 quod
896 2879 1001 2929 semet

242 2966 1000 3045 ipsoscumluminelideiperveramsubiectio·

242 3082 320 3124 nem
344 3074 375 3124 et
398 3065 680 3127 mortificationem
701 3066 771 3125 Deo
794 3064 960 3125 offerrent.

244 3242 302 3302 DE
324 3242 435 3304 VlNO
461 3243 505 3303 ΙΝ
530 3243 754 3306 AMPHORA
777 3245 1036 3306 olleITvszs

483 3342 765 3405 PROCVRATO.

479 3455 685 3504 cnrrrvuvm
704 3456 769 3504 xlx.

246 3498 1000 3717 &Eminaquaedampauperculaetmorbo

376 3654 498 3713 caduco
533 3664 681 3730 gravata:
717 3652 857 3713 ostiatim
888 3661 1000 3728 potum

252 3750 459 3811 mendicabat.
491 3750 598 3827 Quam
615 3769 688 3811 cum
706 3767 819 3811 omnes
835 3767 912 3826 prae
928 3752 1036 3817 hor-ao

603 3858 644 3898 ass
849 3854 893 3896 2³·
