2692 4659
258 831 315 889 per
331 826 526 871 successum
550 808 708 886 temporis
730 807 792 867 sibi
815 807 848 866 in
871 805 1014 866 necessi·

258 911 381 972 :atibus
403 907 600 968 serviebant.

297 1008 401 1070 Circa
425 1024 546 1066 annum
571 1006 703 1066 Domini
724 1005 778 1064 nt·
799 1000 1015 1079 quadringen-

257 1106 415 1167 tesimum
452 1113 603 1165 octavum
639 1114 703 1164 tam
734 1100 876 1162 validum
913 1098 1016 1174 frigus

256 1213 325 1263 toto
359 1211 506 1277 tempore
538 1199 657 1260 hiemis
693 1217 751 1276 per
782 1199 938 1258 mundum
970 1196 1040 1258 in·s

257 1299 405 1375 horruit3
434 1300 520 1375 quod
551 1298 753 1375 longitudine
782 1308 814 1358 et
842 1295 1017 1357 acerbitate

257 1398 413 1459 homines
445 1396 519 1473 plus
550 1396 647 1456 solito
678 1396 809 1456 afflixit:
839 1413 876 1455 ac
898 1394 1016 1455 herbas

256 1508 368 1557 terrae
391 1504 422 1555 et
445 1494 555 1570 pisces
584 1493 645 1553 sub
675 1493 768 1569 aquis
797 1491 943 1553 extinxit.
981 1491 1016 1550 ln

257 1596 320 1654 hac
343 1592 520 1653 durissima
548 1591 658 1650 hieme
687 1589 867 1667 aegerrima
890 1587 1015 1650 Christi

257 1692 398 1753 vernula
412 1691 606 1752 vulneribus
628 1690 750 1765 saucia,
772 1706 811 1749 ex
827 1688 1015 1749 vehementi
1029 1706 1054 1747 ro

258 1790 382 1866 frigore
404 1800 437 1850 et
458 1789 603 1850 nuditate
627 1787 816 1864 frequenter
838 1787 870 1845 in
893 1795 1016 1846 tantum

257 1887 417 1963 obriguit:
447 1896 482 1948 ut
508 1887 654 1947 membra
683 1887 755 1948 eius
784 1886 1018 1961 nigrescerent,

256 1994 290 2045 et
321 1986 494 2046 oculorum
527 1984 680 2045 lacrimae
712 1984 939 2061 congelarent:
975 1981 1018 2041 ita

257 2082 347 2159 quod
370 2082 483 2143 videre
515 2100 580 2143 non
612 2092 737 2159 poterat
768 2082 830 2141 nisi
863 2082 937 2158 igne
965 2079 1018 2139 ad·

258 2181 364 2242 hibito
393 2182 647 2242 resolverentur.
684 2180 747 2240 Sed
771 2188 802 2239 et
824 2179 886 2239 alia
908 2196 1054 2255 quam-rs

259 2279 402 2357 plurima
423 2279 630 2340 incommoda
652 2290 729 2340 tunc
744 2276 901 2354 temporis
922 2273 1019 2335 susti·

258 2377 331 2438 nuit
353 2394 372 2436 a
395 2377 478 2438 facie
501 2378 631 2455 frigoris
646 2377 701 2437 vix
723 2376 812 2436 sanis
835 2374 1019 2448 toleranda;

259 2493 343 2552 quae
366 2475 430 2535 nisi
447 2486 559 2536 auctor
574 2486 708 2537 naturae
732 2492 802 2535 eam
826 2482 1019 2550 supernatu-

261 2574 372 2635 raliter
395 2573 535 2634 rexisset
557 2584 589 2633 et
611 2582 870 2650 praeservasset:
894 2570 1019 2631 indubi-

260 2682 367 2732 tanter
396 2671 495 2731 vitam
527 2671 702 2732 amisisset.
740 2671 775 2730 ln
807 2669 925 2746 quibus
952 2685 1056 2727 om·ao

261 2770 358 2829 nibus
381 2780 444 2829 tam
475 2769 586 2830 multis
609 2770 753 2829 miseriis
775 2780 807 2830 et
829 2766 1017 2844 indigentiis

260 2867 403 2944 propriis
438 2867 728 2943 concurrentibus,
764 2867 848 2927 sicut
879 2866 1019 2942 benigna

260 2975 365 3025 mater
380 2975 413 3026 et
428 2964 618 3025 misericors
633 2964 774 3040 alumna,
789 2964 926 3024 aliorum
942 2981 1019 3040 pau-

259 3080 376 3140 perum
409 3079 540 3138 semper
571 3079 698 3122 memor
729 3062 849 3122 extitit:
885 3060 945 3121 sibi
978 3060 1019 3121 de

259 3159 515 3222 necessitatibus
530 3160 600 3220 suis
615 3160 822 3235 subtrahens,
839 3169 873 3219 ut
888 3159 1017 3219 illorum
1029 3176 1056 3218 25

258 3259 462 3337 egestatibus
491 3257 691 3318 subveniret.
727 3256 879 3318 Attamen
901 3257 1019 3317 divites

258 3357 363 3419 huius
392 3356 515 3417 saeculi
538 3355 593 3432 qui
623 3355 656 3415 in
687 3355 814 3415 deliciis
836 3355 967 3430 vivunt,
989 3364 1021 3415 et

256 3458 293 3517 in
309 3455 429 3532 opibus
451 3454 562 3515 multis
583 3455 621 3514 ad
638 3454 817 3531 perniciem
840 3452 1019 3512 animarum

255 3569 395 3615 suarum
412 3552 574 3629 exultant3
589 3553 661 3613 eius
677 3552 808 3629 penitus
820 3551 910 3611 obliti
926 3561 1020 3610 sunt:

255 3669 321 3714 nec
348 3667 464 3711 manus
486 3650 661 3711 adiutrices
684 3648 860 3726 aegrotanti
883 3665 1056 3725 pauper-ao

254 3750 356 3813 culae
367 3757 592 3824 porrexerunt.
615 3747 711 3808 lllulti
723 3747 819 3808 etiam
831 3746 1018 3823 ignorantes

621 3854 659 3894 ³41
