2692 4659
254 827 337 887 malos
358 838 390 887 et
411 827 563 904 castigat:
594 838 629 887 ut
658 828 823 903 digniores
853 828 930 888 fiant
952 830 990 888 ad

251 925 355 985 maiora
376 925 521 1002 praemia
536 924 723 1001 recipienda
745 925 778 984 in
794 926 991 985 caelestibus

248 1024 352 1100 regnis.
384 1024 509 1083 Multae
536 1022 645 1098 itaque
667 1033 744 1082 sunt
766 1023 990 1084 tribulationes

245 1120 392 1181 iustorum
415 1129 548 1197 propter
569 1138 705 1198 regnum
728 1123 909 1183 caelorum:
932 1124 989 1182 sed

243 1230 269 1279 et
286 1221 386 1281 multa
407 1219 534 1295 flagella
555 1228 780 1296 peccatorum,
809 1237 892 1296 quae
914 1231 1014 1281 sunts

192 1305 193 1310 ¹
240 1316 323 1378 initia
344 1317 494 1377 dolorum
518 1318 713 1377 futurorum.
746 1317 784 1376 Et
806 1318 879 1394 quis
901 1328 990 1394 pote-

239 1415 276 1475 rit
288 1417 384 1491 plene
400 1415 541 1491 cogitare
564 1425 596 1475 et
611 1415 814 1491 perpendere
834 1416 989 1493 abyssum

238 1512 427 1572 iudiciorum
458 1512 519 1572 Dei
551 1530 651 1589 super
680 1513 764 1573 filios
793 1515 990 1574 hominum?

238 1611 360 1672 Etenim
389 1611 497 1671 iustus
519 1611 682 1671 Dominus
713 1622 745 1671 et
775 1612 915 1672 iustitias
945 1612 990 1672 di-

236 1709 325 1785 lexit3
347 1709 403 1786 qui
426 1708 522 1769 bonis
544 1720 576 1769 et
592 1709 690 1769 rectis
713 1711 810 1770 corde
826 1711 935 1771 omniu
957 1712 989 1771 in
1003 1724 1027 1764 10

236 1807 353 1867 bonurn
375 1807 504 1867 ordinat
525 1817 558 1867 et
579 1807 612 1866 in
628 1808 766 1867 sulutem
783 1825 897 1867 eorum
916 1826 990 1867 con-

237 1905 344 1965 vertit:
374 1914 407 1965 et
429 1904 525 1964 malis
556 1904 647 1963 duris
676 1922 713 1963 ac
735 1905 902 1981 perversis
924 1922 990 1964 om-

237 2004 287 2063 nia
316 2004 349 2063 in
381 2019 495 2063 eorum
527 2002 707 2078 perniciem
737 2013 769 2063 et
797 2003 919 2062 luctum
943 2020 991 2062 re-

238 2108 371 2177 torquet.
404 2100 570 2160 Sustinete
590 2117 667 2177 ergo
684 2100 800 2160 fratres
816 2101 901 2160 sicut
915 2101 990 2160 boni

239 2209 269 2259 et
289 2199 403 2259 fideles
424 2199 513 2259 servi
530 2198 667 2273 Christi,
690 2199 823 2275 patienti
840 2199 937 2257 corde
960 2209 992 2258 et
1003 2213 1027 2254 15

239 2296 341 2357 animo
362 2297 562 2358 benivolenti
579 2315 682 2374 pauca
700 2297 887 2373 gravamina
909 2314 991 2373 quae

240 2411 293 2454 vos
314 2396 478 2456 interdurn
494 2397 668 2456 molestant
690 2405 722 2455 et
736 2395 873 2472 probant
895 2413 990 2472 quarn

241 2491 335 2553 fortes
357 2493 455 2568 estis;
485 2494 560 2569 quia
581 2510 647 2553 non
670 2493 724 2552 diu
747 2493 909 2552 durabunt
930 2511 991 2553 nec

240 2591 434 2650 confundent
445 2591 604 2651 humiles:
620 2591 679 2650 sed
689 2592 742 2667 pie
753 2592 887 2651 tolerata
897 2592 991 2651 valde

240 2685 453 2748 laetificabunt
484 2688 610 2748 animus
639 2699 766 2749 vestras
795 2690 884 2750 iuxta
911 2690 1027 2749 illud20

240 2786 430 2859 psalmistae.
481 2787 678 2847 Exultabunt
703 2806 779 2847 ossa
807 2787 991 2848 humiliata:

240 2892 267 2942 et
286 2884 428 2944 humiles
450 2884 566 2961 spiritu
595 2885 741 2946 salvabit.
784 2886 817 2946 Si
841 2904 991 2946 essemus

240 2998 309 3042 vere
338 2982 483 3042 humiles
512 2992 545 3042 et
573 2999 675 3042 onera
705 2994 912 3059 peccatorum
936 3002 991 3043 no-

239 3088 373 3139 strorum
390 3079 501 3139 stricte
517 3080 698 3156 ponderare
714 3082 892 3158 vellemus;
909 3083 990 3142 nihil

238 3177 437 3257 importabile
468 3179 684 3240 sentiremus:
716 3180 769 3240 vix
800 3197 901 3239 unum
932 3193 1027 3256 pro25

238 3276 319 3336 mille
341 3293 404 3335 nos
425 3277 572 3352 recipere
587 3278 783 3337 diceremus.
813 3278 992 3354 Oportebat

236 3390 372 3453 namque
388 3374 560 3435 Christum
582 3376 646 3452 pati
670 3377 724 3454 qui
749 3386 856 3436 tamen
878 3392 990 3451 pecca-

235 3481 296 3532 tum
319 3489 387 3531 non
410 3471 504 3532 fecit:
526 3484 646 3549 quanto
669 3474 772 3551 magis
794 3491 855 3533 nos
878 3473 989 3532 miseri

234 3580 439 3646 peccatores,
469 3570 524 3646 qui
548 3571 666 3630 cotidie
689 3571 887 3631 offendimus
910 3573 991 3630 mul-

233 3676 278 3728 tos
307 3669 342 3728 in
371 3667 502 3727 multis:
534 3667 661 3727 scilicet
691 3669 815 3743 Deum,
846 3671 1026 3745 angelos‚³o

232 3777 381 3842 sanctos,
413 3773 446 3825 et
476 3764 639 3825 homines.
689 3765 851 3825 Permittit
881 3774 989 3824 autem

595 3868 623 3909 oo
