2692 4659
256 657 571 710 mensorem
604 632 651 699 1'21
685 657 1005 710 membrosus-ao

259 808 337 868 arge
348 791 512 867 erogabat:
524 789 610 866 quod
622 806 735 867 parum
747 790 779 850 in
792 808 829 851 ea
840 792 1005 853 remansit.

256 889 447 950 Providebat
475 898 583 950 tamen
608 888 841 965 omnipotentis
864 889 924 950 Dei
948 890 1006 950 mi·

256 987 444 1061 :ericordia,
472 986 557 1063 quod
587 1004 718 1063 semper
746 987 785 1046 ad
812 1005 907 1047 usum
930 1005 1006 1064 pau-

256 1102 365 1145 aerum
377 1085 485 1145 omnis
495 1084 694 1145 sufficientia
704 1085 737 1144 in
749 1102 787 1144 ea
798 1085 1006 1146 redundaret:

256 1183 524 1260 quemadmodum
545 1183 584 1242 ad
599 1183 735 1243 verbum
753 1183 841 1243 Eliae
856 1184 1029 1261 lecythuss

256 1281 314 1341 olei
338 1280 372 1340 in
394 1281 490 1340 domo
508 1280 625 1341 viduae
641 1298 706 1340 non
723 1281 902 1342 deficiebat.
932 1279 1007 1340 Tra-

256 1378 331 1439 iidit
360 1378 456 1438 etiam
486 1395 732 1454 nonnumquam
755 1379 851 1438 alicui
874 1396 913 1439 ex
936 1396 1007 1455 spe-

256 1477 388 1537 :ialibus
404 1476 518 1536 amicis
533 1476 602 1536 suis
619 1478 701 1536 hanc
713 1477 884 1551 pecuniam
895 1493 1008 1536 nume·

256 1574 402 1648 :andam3
424 1574 479 1650 qui
503 1590 576 1633 cum
597 1575 743 1634 secundo
758 1574 809 1635 vel
826 1574 921 1636 tertio
936 1592 1007 1634 eam

256 1682 472 1732 numerasset:
486 1672 612 1732 invenit
626 1689 758 1748 semper
773 1673 909 1732 eandem
925 1673 1008 1734 ultra
1019 1691 1044 1733 ro

256 1787 319 1830 :res
347 1771 400 1830 vel
422 1780 577 1847 quatuor,
606 1770 828 1847 autquinque
856 1788 1008 1830 nummos

256 1867 408 1929 :revisse
440 1867 563 1929 Solutis
585 1868 683 1945 igitur
704 1885 744 1927 ex
759 1869 819 1927 hac
834 1868 932 1927 bursa
948 1868 1008 1928 ira-

256 1964 311 2024 :ris
344 1964 395 2024 sui
427 1963 560 2039 debitis,
596 1963 768 2040 plusquam
799 1963 1009 2040 quadraginta

256 2062 352 2121 ibras
367 2079 407 2122 ex
422 2062 535 2121 eadem
551 2060 731 2122 distribuit:
747 2060 832 2120 sicut
846 2061 1008 2138 aliquibus

256 2159 486 2220 secretissimis
508 2160 622 2220 amicis
644 2159 719 2219 suis·
736 2159 903 2220 revelavit.
946 2161 1009 2221 Per
1020 2184 1044 2224 15

256 2275 314 2319 roc
348 2267 455 2319 autern
487 2258 681 2319 miraculum
714 2259 805 2319 Deus
837 2258 1008 2319 manifeste

260 2357 410 2418 nnotuit:
447 2365 481 2416 ut
517 2356 642 2417 firmam
680 2356 776 2415 iidem
808 2367 1010 2433 computator

256 2456 384 2515 :aberet
420 2456 453 2515 in
485 2455 580 2515 donis
613 2454 674 2514 Dei
706 2472 790 2531 quae
820 2454 907 2515 circa
937 2472 1008 2514 eam

256 2552 380 2612 iebant

257 2756 317 2816 DE
340 2754 470 2817 ARMO
495 2755 697 2817 PORCINO
725 2754 999 2815 PAVPERIBVS
1018 2772 1045 2812 20

340 2852 471 2929 DATO,
495 2853 546 2913 ET
569 2853 672 2916 ALIO
698 2851 922 2913 DIVINITVS

480 2949 785 3012 RECVPERATO.

485 3099 692 3149 CAPITVLVM
711 3099 777 3147 XXI.

256 3178 390 3395 ἔξω
424 3247 456 3298 et
490 3237 679 3296 misericors
715 3236 805 3311 virgo
838 3236 1010 3312 Lidewigis

256 3327 273 3387 l
380 3335 457 3394 dum
480 3334 617 3410 quadarn
640 3333 713 3393 vice
739 3333 940 3409 percepisset
955 3333 1047 3393 ali-2⁵

256 3450 336 3510 quos
367 3450 528 3509 pauperes
558 3432 654 3509 longo
684 3441 830 3507 tempore
859 3448 935 3507 prae
964 3430 1010 3489 in-

256 3530 326 3608 opia
342 3547 458 3590 carnes
473 3548 538 3590 non
554 3531 787 3604 manducasse;
803 3539 834 3590 et
849 3528 925 3605 quia
940 3545 1011 3604 pro·

256 3645 330 3690 :unc
347 3645 411 3688 non
428 3628 567 3688 habebat
582 3645 698 3687 carnes
713 3644 794 3703 quas
805 3627 907 3686 daret:
923 3624 1012 3686 misit

256 3725 292 3785 ad
321 3725 454 3785 domum
484 3723 653 3783 cuiusdam
681 3722 775 3782 amici
799 3723 867 3796 sui,
897 3732 1011 3798 petens

612 3829 653 3869 ssa
