2692 4659
354 686 514 738 &mm
532 684 599 727 Vlla
616 684 779 727 LlDEWlGlS
794 683 932 726 VIRGiNlS
953 684 1118 736 &ww

356 818 446 895 virgo
482 817 513 877 in
545 819 615 878 Deo
645 835 737 895 spem
767 818 909 893 habens,
940 817 1030 893 quod
1061 817 1118 878 sic.

357 916 462 992 Super
477 932 541 992 quo
564 933 723 991 responso
746 925 849 976 mater
871 922 1048 991 commota,
1065 916 1118 976 de·

356 1015 402 1075 dit
430 1015 553 1090 alapam
579 1014 681 1074 liliae:
707 1023 870 1088 tamquam
896 1011 1117 1087 proditionem

356 1111 513 1186 malitiae,
536 1128 615 1171 suae
637 1111 791 1170 miseriae
813 1127 853 1169 ex
874 1109 1006 1169 incauta
1029 1110 1117 1169 locu-

332 1211 443 1271 stione
479 1209 767 1284 superaddidisset.
810 1206 901 1267 Tunc
938 1206 1004 1266 lilia
1041 1224 1118 1267 con·

355 1317 479 1369 stanter
505 1306 597 1366 matri
630 1306 807 1381 respondit.
845 1305 910 1381 Ego
942 1314 1118 1381 propterea

355 1405 524 1465 veritatem
546 1403 628 1463 dixi:
644 1403 720 1481 quia
742 1403 911 1479 sperabam
927 1402 1016 1478 quod
1032 1402 1118 1462 veri-

355 1515 404 1564 tas
426 1503 603 1562 occultaret
625 1501 663 1560 ad
680 1518 716 1560 se
738 1501 928 1577 fugientem.
961 1499 1062 1576 Quod
1086 1511 1118 1561 et

357 1601 475 1660 lactum
499 1608 549 1658 est
572 1599 642 1658 Deo
665 1597 866 1674 providente.
899 1597 982 1656 Nam
1007 1597 1038 1657 is
1061 1598 1117 1675 qui

323 1699 395 1759 mad
427 1696 593 1757 interitum
623 1696 856 1773 quaerebatur:
892 1705 966 1755 ante
999 1696 1118 1755 oculos

356 1794 586 1873 persequentis
608 1795 721 1869 stabat,
744 1805 775 1855 et
790 1792 920 1870 penitus
942 1809 1009 1851 non
1027 1793 1118 1853 vide-

356 1896 459 1955 batur.
496 1893 645 1953 Recessit
675 1909 751 1969 ergo
782 1892 935 1952 omittens
957 1892 1117 1968 persequi

358 1991 554 2068 fugientem:
577 1989 731 2066 ignorans
754 1988 796 2048 ibi
820 1988 956 2048 affuisse
972 1988 1036 2048 Dei
1053 1989 1119 2048 vir·

357 2099 469 2149 tutem.
501 2087 577 2164 Quo
593 2086 664 2146 viso
688 2096 790 2147 mater
812 2086 883 2146 eius
906 2085 1003 2145 iidem
1029 2086 1118 2147 liliae

324 2203 453 2260 rssuae,
489 2186 584 2262 longe
619 2182 880 2260 magnificentius
916 2200 995 2243 suae
1029 2183 1119 2261 fidei,

358 2282 457 2342 immo
479 2281 680 2342 diffidentiae
702 2281 870 2357 praetulit3
892 2281 979 2341 etde
1002 2293 1119 2344 cetero

358 2380 504 2456 ampliori
529 2380 703 2440 dilectione
732 2380 863 2439 adeam
893 2378 1119 2441 alliciebatur:

358 2489 453 2553 atque
476 2478 649 2554 benignius
678 2477 883 2537 infirmitates
912 2476 984 2536 eius
1007 2478 1121 2555 coepit

358 2575 507 2635 tolerare.

322 2798 349 2838 20
359 2780 415 2839 DE
425 2777 703 2841 MODICITATE
716 2776 1005 2840 REFECTIONIS
1020 2781 1121 2843 EIVS

506 2878 588 2937 PER
614 2876 780 2936 PLVRES
803 2875 965 2937 ANNOS.

603 3025 808 3075 CAPITVLVM
827 3025 871 3075 Vl.

357 3105 530 3321 Q&
557 3165 638 3223 haec
660 3162 693 3222 in
716 3172 839 3223 tantum
862 3163 1057 3226 crescebant
1088 3180 1121 3227 et

365 3253 381 3312 l
489 3260 785 3335 multiplicabantur
807 3259 1013 3320 infirmitates
1034 3263 1122 3340 eius,

322 3368 392 3421 aaut
428 3357 580 3417 omnibus
611 3356 736 3417 viribus
778 3356 925 3433 corporis
960 3358 1121 3422 destituta

358 3456 442 3514 lecto
473 3454 604 3531 penitus
634 3455 860 3515 decumberet:
891 3454 935 3516 ita
962 3458 1051 3533 quod
1085 3459 1120 3519 in

358 3552 462 3628 spatio
484 3552 614 3629 triginta
635 3552 733 3613 trium
756 3570 915 3613 annorum
938 3563 1015 3614 ante
1031 3573 1121 3617 mor-

358 3661 422 3710 tem
446 3667 538 3710 suam
554 3660 673 3710 terram
696 3667 762 3710 non
777 3660 932 3727 tangeret.
966 3652 1121 3715 Refectio

358 3759 466 3808 autem
489 3748 561 3807 eius
590 3760 663 3824 post
694 3759 761 3809 tres
790 3749 913 3825 primos
935 3767 1043 3812 annos
1065 3771 1122 3814 us-

716 3852 757 3893 sao
