2692 4659
238 669 563 723 &mm
602 668 639 711 xx
679 668 1000 721 mmm

240 804 365 881 paretis
388 820 465 879 ergo
487 803 619 863 dorsum
642 811 789 862 vestrum
813 802 851 861 ad
873 812 1002 878 portan-

240 903 320 962 dum
351 902 404 978 pie
426 918 500 960 cum
523 917 562 959 eo
589 917 737 960 crucem:
767 898 843 975 quia
865 900 1003 976 llagellat

240 1018 376 1061 omnem
406 1000 508 1059 lilium
537 1015 634 1074 quem
664 996 777 1073 diligit.
821 998 882 1057 His
907 998 1002 1057 dictis

240 1098 432 1157 consolatus
448 1107 499 1158 est
520 1099 618 1157 homo
634 1095 842 1156 committens
862 1112 898 1155 se
915 1096 1002 1155 Deo:

241 1194 297 1271 qui
328 1194 411 1254 nihil
441 1194 516 1279 iacit
544 1194 607 1253 nisi
637 1211 695 1270 pro
717 1193 812 1253 bono.
855 1193 925 1253 Nec
948 1193 1026 1253 dius

241 1302 318 1369 post
346 1291 467 1367 extitit,
496 1292 585 1352 venit
613 1308 809 1366 supereum
839 1292 1002 1352 tribulatio

241 1402 275 1451 et
291 1390 460 1466 despectio
482 1389 669 1450 hominum:
692 1405 786 1464 quam
811 1408 891 1450 crux
913 1389 1002 1465 prius

241 1487 316 1546 visa
344 1486 378 1545 in
400 1486 525 1546 somnis
547 1485 785 1561 praefiguravit.
830 1487 902 1562 lpse
924 1503 1002 1545 vero

242 1584 419 1661 diligenter
439 1584 662 1660 praemonitus
689 1585 727 1644 ad
757 1583 943 1660 patientiam
966 1600 1002 1642 se

242 1682 425 1759 disposuit:
457 1691 488 1742 et
519 1691 591 1757 post
620 1681 748 1757 dignam
779 1680 1001 1757 probationem
1014 1702 1038 1741 10

242 1781 330 1840 bono
355 1780 420 1840 fine
442 1779 539 1840 vitam
562 1778 758 1839 terminavit.

566 2018 684 2067 ALIVD.

241 2112 482 2342 &vidam
506 2173 644 2232 devotus
665 2172 765 2231 frater
785 2189 862 2247 prae
885 2171 1003 2230 ceteris

387 2269 490 2330 sacris
513 2270 605 2329 libris
631 2270 663 2329 in
694 2269 847 2345 passione
871 2268 1002 2329 Domini

244 2388 281 2430 se
299 2386 455 2430 exercere
470 2368 609 2428 studuit:
632 2376 664 2427 et
683 2367 856 2444 imaginem
873 2376 1004 2426 sanctae
1016 2390 1040 2430 15

244 2468 355 2528 crucis
383 2467 416 2526 in
446 2484 562 2543 magna
590 2466 774 2526 reverentia
802 2466 923 2526 habuit.
967 2465 1005 2525 Et

243 2566 445 2641 ubicumque
468 2564 607 2640 aliquam
631 2581 762 2623 crucem
785 2565 875 2639 vidit,
899 2563 1004 2624 humi·

244 2665 321 2725 liter
356 2664 518 2723 inclinans
553 2663 693 2722 libenter
726 2680 762 2723 se
793 2661 818 2738 ἦ·
847 2661 1003 2738 signavit:

244 2779 374 2823 memor
395 2761 457 2821 Dei
486 2758 536 2819 sui
566 2776 625 2835 pro
647 2777 684 2819 se
714 2759 877 2834 crucifixi,
906 2775 1003 2835 quem

243 2877 356 2920 amare
378 2869 410 2919 et
432 2860 593 2918 honorare
615 2858 822 2918 desideravit.
855 2858 1041 2934 Quadamao

243 2957 344 3033 igitur
375 2963 470 3015 nocte
502 2954 582 3014 vidit
618 2954 649 3013 in
682 2955 810 3015 visione
843 2956 1002 3031 quandam

244 3053 422 3130 imaginem
438 3062 569 3113 sanctae
585 3053 693 3113 crucis
710 3053 743 3113 in
758 3052 881 3129 pariete
897 3052 1004 3111 cuius·

244 3153 319 3212 dam
336 3150 497 3210 ecclesiae
512 3152 724 3227 pendentem:
740 3150 851 3211 multis
862 3149 1004 3210 vulneri·

243 3251 306 3310 bus
321 3266 359 3308 ac
382 3248 485 3324 plagis
504 3247 662 3308 acerrime
678 3248 864 3308 sauciatam.
897 3247 1003 3324 Quam

244 3345 345 3407 nimis
367 3345 517 3405 dolenter
538 3345 718 3421 aspiciens:
748 3344 841 3405 llexis
866 3344 1005 3421 genibus
1014 3363 1041 3404 25

244 3457 275 3506 et
306 3444 428 3505 iunctis
456 3442 607 3503 manibus
636 3441 827 3517 suppliciter
851 3441 1004 3501 adoravit.

244 3539 1003 3618 Statimqueimagodextrumbracchiumsuum

243 3641 285 3700 de
315 3656 414 3700 cruce
444 3639 483 3699 ad
512 3655 587 3698 eum
610 3638 770 3698 extendit:
800 3646 831 3696 et
859 3637 1003 3723 dextram

243 3756 377 3800 manum
390 3737 452 3798 sibi
468 3736 621 3813 porrexit.
644 3738 693 3797 De
705 3754 769 3813 quo
781 3753 853 3795 cum
866 3736 1002 3795 multum

607 3842 645 3884 ror
