2692 4659
572 718 738 771 Epilegomena.

415 904 469 962 111.
493 902 645 965 connx
669 903 898 980 nstusrs.

316 1046 382 1105 Fol.
409 1049 479 1104 153Υ
500 1062 529 1120 p.
556 1048 566 1103 1
593 1046 674 1104 haec
700 1046 867 1121 leguntur:
896 1045 1036 1120 Explicit

273 1127 416 1186 secundo
435 1142 512 1200 purs
533 1126 648 1200 cesari]
662 1132 673 1197 11
689 1127 808 1200 scriptu
825 1142 886 1200 per
898 1128 1034 1202 fratrem

274 1208 489 1266 theodericum
505 1211 516 1273 11
532 1207 656 1265 cloclcer
682 1207 779 1265 huius
802 1206 890 1265 domi
914 1208 1034 1282 profes·

274 1304 356 1346 sum.
372 1293 383 1356 11
399 1287 470 1361 Ipso
480 1287 533 1345 die
541 1288 611 1346 tuce
620 1287 833 1361 ewangeliste.
849 1286 1035 1355 Subun'lno
1131 1287 1133 1293 '

274 1368 400 1427 domini
415 1371 546 1425 rho-8·
562 1367 680 1441 dequo
697 1368 741 1426 sit
754 1368 819 1441 regi
833 1371 844 1434 li
861 1366 1036 1426 immortali

276 1449 358 1507 laus.
382 1448 491 1506 honor.
514 1453 546 1505 et
563 1448 741 1521 gratiarum
757 1453 767 1519 h
783 1448 869 1507 actio
898 1464 984 1507 nunc
1005 1452 1037 1505 et

276 1529 310 1587 in
332 1545 428 1587 cuum
450 1527 550 1586 Amen
566 1534 577 1595 11

317 1617 556 1677 Theodericum
573 1617 716 1678 Clocker
738 1634 756 1676 e
772 1617 962 1677 Zeitschrift
977 1616 1035 1676 des

277 1697 451 1757 hachener
480 1696 832 1772 GeschichtsvereinS,
862 1698 925 1757 vol.
958 1697 1034 1757 ΧΙΙΙ

275 1779 381 1854 (1891)
395 1780 535 1838 77-119
557 1777 716 1838 discimus
732 1778 926 1838 canonicum
943 1794 1036 1853 regu-

276 1861 377 1919 larem
395 1858 497 1917 luisse
514 1858 670 1918 canoniae
686 1859 725 1918 ad
741 1858 773 1919 S.
786 1860 940 1918 loannem
953 1859 1035 1933 Bap-

275 1940 385 2000 tistam
407 1938 584 2015 Aquensis,
606 1950 773 2014 receptum
792 1939 846 1999 Vl.
864 1940 934 1998 Kal.
951 1938 1034 1998 Nov.

279 2023 366 2093 1464,
377 2030 619 2095 procuratorem
632 2022 718 2094 1509,
729 2020 934 2095 suppriorem
950 2022 1035 2093 1512,

276 2111 441 2160 mortuum
472 2099 543 2159 1111.
573 2100 656 2159 Non.
679 2098 811 2175 Apriles
840 2103 924 2159 1531.
972 2098 1036 2159 Sed

278 2181 419 2241 eundem
432 2180 597 2239 librarium
612 2180 829 2255 descripsisse
845 2191 876 2240 et
888 2179 1036 2241 Caesarii

278 2261 566 2321 Heisterbacensis
586 2260 713 2336 Dialogi
736 2260 967 2320 miraculorum
991 2260 1036 2319 di·

277 2342 414 2401 midium
430 2341 566 2400 alterum
584 2351 616 2399 et
631 2341 738 2400 Vitam
756 2340 938 2416 Lidewigis
953 2357 1036 2416 quae

277 2423 341 2482 hoc
364 2422 476 2481 codice
492 2421 710 2495 continentur,
732 2438 840 2497 neque
856 2438 915 2497 ego
931 2421 1035 2481 ausim

277 2502 450 2563 adfirmare
485 2519 546 2561 nec
582 2502 653 2560 ausi
690 2512 766 2562 sunt
798 2502 1036 2561 bibliothecarii

278 2583 454 2659 Aquenses
483 2583 522 2641 de
552 2599 590 2641 ea
616 2598 651 2640 re
681 2599 772 2641 ame
795 2582 945 2642 consulti.
989 2581 1036 2641 hc

279 2663 405 2739 Dialogi
436 2662 567 2738 quidem
597 2662 777 2721 litterarum
806 2664 929 2722 formae
956 2662 1036 2721 mihi

278 2745 431 2804 videntur
453 2759 528 2802 esse
550 2743 652 2818 magis
682 2742 881 2817 compositae
903 2742 1037 2802 nitidae·

279 2841 362 2901 que,
394 2823 487 2882 Vitae
522 2823 695 2898 Lidewigis
731 2823 833 2899 magis
869 2822 1035 2898 simplices

278 2916 463 2979 rectaeque.
506 2902 556 2962 hd
585 2904 671 2978 quod
701 2903 858 2963 intuentis
880 2903 1036 2962 iudicium

279 2984 537 3044 confirmandum
574 2983 734 3043 accedunt
769 2984 908 3059 primurn
946 2984 1039 3059 signa

280 3066 451 3140 utriusque
473 3064 573 3140 partis
589 3066 719 3123 chartae
742 3064 902 3140 impressa
918 3063 1037 3122 similia

279 3146 333 3205 illa
356 3145 498 3222 quidem,
520 3161 627 3219 neque
649 3153 758 3203 tamen
774 3145 898 3219 eadem,
920 3144 1038 3203 deinde

280 3226 357 3286 lolia
379 3225 497 3301 prioris
519 3225 619 3300 partis
641 3224 680 3283 ad
703 3242 803 3284 unum
820 3225 929 3284 omnia
947 3226 1038 3284 char·

279 3318 380 3380 tacea,
404 3306 537 3365 alterius
560 3316 648 3364 certo
671 3305 785 3364 ordine
808 3306 923 3380 partim
947 3305 1038 3363 char-

280 3398 370 3447 tacea
379 3386 494 3461 partim
505 3386 762 3460 membranacea,
771 3396 839 3444 turn
848 3387 928 3444 haec
940 3386 1038 3443 verba

281 3468 335 3527 iol.
357 3469 433 3526 210v
452 3493 484 3515 z
501 3469 571 3540 276,
594 3483 618 3523 14
640 3476 713 3541 post
731 3466 901 3541 inscriptus
916 3466 1038 3525 addita:

283 3549 338 3619 „ln
361 3547 456 3606 cuius
477 3546 597 3621 stipitis
620 3546 705 3605 nodo
721 3551 732 3616 lt
748 3546 855 3605 medio
878 3546 1039 3605 habentur

282 3629 385 3703 prime
417 3627 531 3686 sillabe
562 3626 659 3685 trium
685 3633 696 3698 ll
719 3627 888 3686 nominum
922 3627 1039 3686 lhesus

283 3709 387 3768 Maria
398 3707 508 3783 Agnes
520 3725 559 3766 ex
567 3707 657 3782 speci
671 3706 719 3766 'ali
732 3707 907 3767 deuotione
918 3707 1039 3782 scripte

276 3806 339 3863 pro
362 3788 581 3848 benefactoris
597 3791 608 3858 h
623 3788 811 3862 memoria“‚
836 3804 919 3863 quae
940 3788 1040 3847 verba

642 3891 682 3932 487
