2692 4659
364 680 525 732 mm
552 679 715 722 SERMONES
730 679 770 722 ΑΙ)
786 678 935 722 NOVlClOS
960 678 1126 731 &Q

365 812 568 889 innocentes,
590 813 623 873 in
646 812 769 873 divitiis
791 812 861 873 suis
876 829 942 872 non
964 812 1124 888 exultent,

365 928 425 970 nec
446 928 537 987 spem
560 911 594 971 in
609 910 750 972 terrenis
765 920 902 985 ponant:
924 910 1032 969 sedin
1050 911 1122 970 Deo

365 1008 440 1068 vivo
462 1009 517 1086 qui
541 1018 657 1069 cuncta
680 1008 757 1068 fecit
778 1026 819 1069 ex
840 1007 961 1084 nihilo,
990 1018 1022 1068 et
1044 1026 1122 1084 pau·

364 1124 461 1183 peres
482 1107 586 1184 pascit
607 1107 640 1167 in
663 1106 801 1166 modico.
844 1107 910 1182 Ego
931 1116 1121 1165 sanctorum

342 1220 481 1265 smanus
501 1214 533 1264 et
547 1205 648 1280 pedes
670 1206 753 1280 lavo,
775 1214 807 1264 et
822 1204 916 1264 malis
932 1212 964 1263 et
986 1203 1122 1280 ingratis

364 1303 404 1363 ad
438 1304 539 1363 multa
574 1302 744 1379 deservi03
785 1301 972 1362 sitientibus
1007 1311 1120 1377 potum

272 1474 274 1477 y
364 1410 510 1476 praesto,
534 1410 651 1476 puteos
673 1410 705 1460 et
728 1400 834 1459 lossas
856 1399 993 1474 impleo,
1016 1416 1120 1475 purgo

364 1499 489 1573 sordes,
509 1498 646 1558 candido
662 1508 789 1558 vestes:
813 1507 844 1557 et
859 1497 899 1557 ad
914 1496 1023 1556 varios
1039 1513 1120 1556 usus

364 1596 534 1656 hominum
550 1605 582 1656 et
596 1613 752 1673 pecorum
768 1595 875 1655 dulcia
891 1594 1008 1671 pocula
1023 1611 1120 1670 aqua·

331 1714 355 1753 10
365 1711 435 1753 rum
459 1694 499 1753 de
529 1694 673 1755 fontibus
696 1704 728 1754 et
750 1694 950 1754 torrentibus
971 1693 1119 1769 propino.

365 1792 431 1868 Ego
446 1802 578 1869 propter
593 1801 725 1868 peccata
740 1791 910 1852 hominum
927 1807 1023 1849 versa
1045 1807 1118 1849 sum

364 1889 396 1948 in
420 1906 569 1948 cruorem
594 1890 626 1948 in
648 1898 735 1949 terra
750 1887 907 1965 Aegypti:
930 1899 1043 1947 contra
1065 1905 1119 1947 na·

363 1998 467 2049 turam
491 1989 531 2048 de
552 1998 644 2064 petra
665 1988 785 2048 deserti
815 1987 998 2064 largissime
1024 1985 1119 2060 fluxi3

363 2085 403 2145 ad
429 2102 544 2161 preces
573 2097 759 2146 sanctorum
789 2103 949 2147 conversa
979 2102 1052 2144 sum
1085 2084 1118 2142 in

331 2184 585 2245 rsdulcedinem:
621 2192 653 2243 et
683 2183 723 2243 ad
753 2184 888 2243 verbum
921 2182 1048 2245 Christi
1085 2180 1119 2240 in

364 2300 513 2358 saporem
526 2282 638 2358 optimi
649 2281 727 2342 vini.
751 2282 873 2342 Multas
887 2282 986 2358 igitur
999 2279 1120 2357 gratias

366 2381 436 2440 Deo
458 2380 595 2441 reddere
620 2389 774 2440 tenentur
795 2378 849 2455 qui
873 2378 999 2455 copiam
1023 2395 1120 2455 aqua-

365 2496 435 2538 rum
465 2480 602 2553 habent,
631 2487 662 2537 et
685 2478 793 2554 pisces
822 2477 946 2537 retibus
975 2485 1121 2552 captant3

364 2576 419 2652 qui
443 2594 521 2636 vero
550 2576 626 2636 vino
659 2586 691 2636 et
721 2575 848 2651 poculis
877 2574 977 2634 variis
1006 2591 1042 2634 se
1072 2573 1121 2633 in·

328 2673 490 2735 aoebriant
518 2683 550 2734 et
578 2673 776 2749 pauperibus
807 2689 920 2748 parum
952 2682 1006 2732 aut
1037 2672 1120 2731 nihil

364 2772 526 2831 tribuunt:
555 2789 628 2831 cum
652 2771 753 2831 divite
781 2771 814 2830 in
844 2771 973 2831 inferno
996 2770 1121 2829 crucia·

364 2871 494 2931 buntur.

258 2982 353 3031 derra·
404 2965 504 3027 Terra
525 2966 619 3027 dicet.
660 2968 726 3044 Ego
748 2967 900 3027 homines
922 2976 954 3027 et
974 2965 1122 3026 iumenta

364 3075 529 3141 sustent03
557 3065 627 3124 vias
655 3066 768 3141 planas
797 3075 829 3125 et
851 3064 985 3124 semitas
1014 3076 1120 3124 rectas

328 3179 422 3236 asper
443 3177 576 3236 campos
598 3172 630 3222 et
644 3179 779 3222 nemora
794 3162 947 3222 euntibus
963 3162 1119 3222 exhibeo:

364 3270 493 3320 montes
521 3270 553 3319 et
581 3260 683 3319 colles
711 3277 753 3319 ne
781 3276 884 3336 aquae
912 3259 1121 3334 praevaleant

363 3358 402 3417 ad
432 3357 593 3434 refugium
622 3374 729 3418 servo.
773 3359 838 3434 Ego
868 3357 954 3433 ligna
973 3356 1121 3432 gramina

364 3464 396 3514 et
411 3454 517 3513 varias
532 3455 705 3514 herbarum
722 3454 850 3531 species
866 3453 991 3530 nutri03
1006 3455 1121 3514 vineas

364 3563 396 3610 et
418 3551 553 3627 oliveta,
582 3552 663 3612 licus
688 3563 719 3613 et
743 3555 828 3613 mala
848 3563 996 3629 granata,
1024 3570 1121 3629 poma

328 3670 355 3710 ao
364 3648 442 3724 pira,
453 3667 566 3725 nuces,
578 3651 747 3727 amygdala
758 3650 848 3710 labas
858 3650 938 3725 pisa,
949 3651 1121 3725 hordeum,

364 3746 517 3822 triticum,
541 3747 638 3808 flores
654 3766 746 3808 rosas
767 3748 833 3807 lilia
848 3747 952 3808 violas
973 3750 1120 3824 profero:

725 3852 763 3894 132
