2692 4659
237 693 562 745 OEQWW
595 692 646 734 xlll
680 694 1001 746 &ommno

238 827 451 887 meditatione
482 827 628 902 procedit
659 828 776 887 devota
807 827 937 888 affectio
969 837 1000 887 et

239 935 389 1000 prompta
411 924 550 985 elevatio
573 926 693 986 mentis
721 926 755 985 in
780 927 896 986 Deum.
940 926 999 986 Ex·

240 1022 316 1082 inde
351 1023 457 1099 surgit
493 1023 626 1083 fervens
662 1033 694 1083 et
734 1024 863 1083 interna
897 1024 999 1085 oratio

240 1129 417 1194 penetrans
440 1122 565 1196 caelos;
593 1138 723 1181 omnem
747 1131 927 1182 creaturam
951 1140 999 1182 re-

240 1218 404 1295 linquens
427 1228 459 1279 et
480 1220 541 1279 soli
558 1220 628 1279 Deo
645 1220 823 1279 adhaerere
846 1220 1022 1294 cupienszs

240 1317 272 1375 in
295 1334 360 1393 quo
384 1317 494 1376 omnia
514 1318 599 1377 bona
621 1328 697 1378 sunt
712 1335 795 1394 quae
811 1318 998 1393 concupisci

241 1425 388 1490 possunt.
419 1415 516 1475 Solus
536 1416 623 1475 enim
640 1416 732 1475 Deus
747 1414 873 1490 estqui
896 1423 998 1474 totum

242 1513 368 1572 animae
399 1513 599 1573 desiderium
635 1513 767 1589 implet,
798 1512 936 1588 quietat,
968 1521 1000 1571 et

241 1609 418 1685 beatificat;
434 1610 472 1669 ad
484 1627 582 1686 quem
598 1610 764 1685 suspirare
781 1619 812 1669 et
825 1610 999 1668 convolare

242 1706 336 1767 debet
358 1707 466 1766 omnis
489 1707 663 1784 religiosus
686 1717 850 1767 secretum
872 1724 1035 1766 amansrro

243 1816 271 1863 et
285 1805 480 1864 occasiones
503 1805 666 1864 fabulandi
683 1805 798 1865 vitans.
829 1805 894 1881 Qui
911 1805 997 1864 enim

242 1902 309 1962 loca
331 1902 492 1977 spatiandi
516 1902 596 1961 foris
612 1903 748 1979 quaerit,
771 1912 802 1962 et
824 1920 997 1962 corsuum

242 2000 405 2060 custodire
427 2000 585 2076 neglegit3
608 2001 691 2059 hanc
710 2000 842 2060 unionis
863 1999 996 2075 gratiam

241 2107 292 2158 aut
320 2114 387 2157 non
417 2098 516 2173 sapit:
546 2107 599 2158 aut
628 2116 741 2174 parum
770 2109 905 2175 gustans
934 2098 997 2158 cito

241 2196 354 2271 perdit.
399 2196 437 2256 Et
465 2197 529 2255 heu
558 2196 612 2256 vix
641 2214 715 2255 cum
743 2213 859 2271 magno
888 2197 998 2255 labore
1010 2215 1033 2254 15

241 2305 270 2352 et
291 2294 406 2353 dolore
429 2293 612 2353 devotionis
634 2293 840 2353 dulcedinem
864 2311 997 2368 recupe-

240 2392 337 2451 rabit:
354 2391 431 2467 quia
446 2390 555 2449 minus
570 2392 710 2452 sollicite
726 2408 796 2450 eam
813 2390 997 2450 custodivit.

240 2489 352 2549 Restat
375 2505 452 2563 ergo
474 2489 627 2549 omnibus
654 2490 780 2549 frivolis
803 2488 935 2549 omissis
958 2489 995 2547 ad

238 2585 413 2647 Christum
442 2586 556 2645 sedule
586 2588 763 2663 confugere
793 2597 824 2647 et
853 2603 926 2645 cum
957 2603 995 2645 eo

237 2683 415 2743 amicitiam
438 2683 624 2759 specialiter
645 2685 797 2761 iungere:
827 2697 859 2744 et
881 2694 1031 2743 cunctaao

237 2782 276 2840 ab
300 2781 373 2840 eius
396 2798 506 2840 amore
529 2782 727 2843 retrahentia
742 2782 871 2841 abicere
893 2791 925 2841 et
948 2799 995 2840 re-

237 2878 355 2937 futare.
408 2877 644 2955 Quaecumque
675 2880 792 2939 bonam
827 2878 996 2939 conscien-

236 2976 315 3035 tiam
346 2993 412 3035 non
440 2987 578 3051 possunt
607 2977 732 3053 facere,
763 2995 824 3037 nec
854 2976 995 3035 caritatis

237 3072 366 3134 Christi
383 3073 545 3133 fervorem
562 3075 638 3134 dare
648 3076 701 3135 vel
713 3092 846 3151 augere;
862 3075 995 3134 omnino

237 3171 370 3230 vitanda
391 3181 468 3230 sunt
489 3182 520 3232 et
542 3173 727 3248 respuenda
744 3173 782 3231 ab
798 3172 886 3232 omni
910 3171 1031 3232 clau-25

237 3269 327 3329 strali
352 3269 422 3328 viro
452 3279 483 3329 et
512 3271 672 3329 monacho
702 3270 871 3347 religioso:
901 3270 994 3329 cuius

237 3384 295 3427 cor
323 3367 420 3426 debet
449 3384 523 3426 esse
552 3368 585 3427 in
615 3369 705 3428 caelo
734 3385 800 3427 non
824 3368 931 3444 vagari
961 3368 993 3427 in

236 3465 381 3524 saeculo.
424 3464 453 3525 Ο
483 3466 583 3526 irater
605 3467 764 3526 monache
794 3466 848 3542 qui
878 3467 995 3526 sancti·

236 3562 311 3623 tatis
344 3562 489 3638 speciem
520 3564 608 3641 geris
639 3564 750 3625 habitu
783 3575 814 3625 et
844 3564 993 3624 nomine:

237 3661 352 3720 claude
367 3660 488 3720 ostium
504 3662 570 3721 oris
592 3662 637 3722 tui
654 3671 687 3722 et
708 3671 870 3722 secretum
887 3662 1030 3723 cordisao

236 3775 302 3817 non
333 3758 488 3818 omnibus
518 3760 656 3819 reveles.
700 3758 799 3835 Aperi
832 3776 992 3819 cameram

602 3865 627 3905 or
