2692 4659
356 680 518 733 ww
545 679 707 725 SERMONES
722 682 762 724 ΑΙ)
779 681 927 725 Novlclos
953 682 1117 734 mm

358 814 487 888 quando
517 815 735 891 temptabatur
761 814 879 876 vitiosa
907 815 1015 892 aliqua
1043 833 1117 892 pas·

358 911 451 972 sione
482 913 534 973 vel
568 913 716 989 tristitia3
750 913 858 973 statim
895 913 1041 991 confugit
1077 915 1116 974 ad

358 1010 544 1086 passionem
568 1011 700 1071 Domini
730 1029 788 1087 per
816 1012 995 1073 orationem
1019 1030 1116 1089 ange-

358 1107 470 1168 licam:
501 1108 684 1170 invocando
717 1111 824 1170 lesum
856 1119 888 1170 et
910 1110 1048 1169 Mariam
1082 1110 1114 1169 in

335 1205 554 1267 sadiutorium
586 1217 699 1268 contra
728 1208 984 1284 temptationem.
1027 1207 1116 1284 Qua·

357 1303 430 1363 dam
453 1303 551 1381 igitur
572 1314 668 1365 nocte
690 1305 771 1365 vidit
796 1305 830 1365 in
859 1306 984 1366 somnis
1006 1305 1115 1365 diabo-

357 1402 424 1461 lum
447 1402 509 1462 sibi
531 1420 722 1463 occurrere:
749 1414 781 1464 et
802 1405 887 1464 velle
909 1420 1039 1464 nocere.
1078 1403 1115 1463 Et

358 1516 431 1558 cum
454 1500 584 1561 timeret
605 1501 707 1577 laedi,
735 1518 797 1561 nec
825 1518 924 1578 posse
952 1500 1115 1577 effugere:

358 1597 465 1673 coepit
493 1598 628 1659 silenter
653 1598 725 1660 Ave
755 1599 860 1659 Maria
887 1599 1006 1676 legere.
1050 1598 1115 1659 Sed

324 1711 432 1754 locum
454 1695 509 1755 ille
531 1696 676 1757 audisset
700 1698 808 1757 lesum
837 1697 1023 1757 nominare:
1052 1706 1115 1755 sta·

357 1792 415 1851 tim
437 1793 553 1854 avertit
574 1811 611 1854 se
632 1794 672 1853 ab
695 1811 744 1870 eo,
766 1804 798 1855 et
820 1795 927 1871 coepit
947 1795 1061 1871 fugere
1083 1804 1115 1854 et

358 1891 421 1951 cito
444 1908 586 1952 currere.
628 1891 704 1968 Quo
726 1892 815 1952 viso:
843 1893 993 1953 clamavit
1016 1892 1116 1952 frater

357 1990 462 2049 adbuc
478 1989 575 2049 altius
597 1998 669 2066 post
692 2008 777 2051 eum.
821 1991 914 2050 lesus
937 1991 1039 2050 lesus.
1078 1990 1116 2049 Et

358 2097 477 2164 quanto
510 2087 626 2148 lortius
657 2088 823 2149 clamavit:
855 2098 943 2148 tanto
972 2086 1116 2147 celerius

324 2203 348 2243 15
358 2186 587 2262 praecurrebat
622 2195 770 2261 satanas,
805 2185 997 2261 perterritus
1032 2202 1115 2245 voce

358 2283 462 2343 dulcis
493 2284 636 2344 nominis
668 2285 742 2345 lesu
779 2293 810 2344 et
841 2284 966 2344 Mariae
1001 2282 1116 2343 matris

357 2381 439 2441 eiua.
482 2382 521 2441 Et
549 2381 656 2441 subito
686 2381 806 2441 cadens
836 2398 900 2441 non
924 2380 1115 2456 comparuit.

359 2479 430 2539 Hoc
461 2479 577 2542 videns
609 2479 708 2539 frater
738 2496 815 2555 prae
850 2479 971 2539 laetitia
1006 2479 1116 2538 cordis

358 2576 538 2653 evigilavit:
560 2586 592 2637 et
613 2577 665 2636 ait.
709 2577 742 2636 Si
766 2593 839 2636 cum
863 2593 927 2636 uno
950 2574 1021 2636 Ave
1044 2576 1116 2635 Ma-

321 2673 405 2732 aoria
426 2691 560 2749 possum
579 2674 742 2734 diabolum
759 2674 887 2750 fugare:
909 2672 986 2749 quid
1009 2674 1115 2732 habeo

357 2781 434 2831 tunc
456 2772 581 2831 timere.

680 2929 797 2978 ALIVD.

366 3011 518 3237 Qun
539 3066 623 3142 apud
646 3083 707 3126 nos
729 3066 831 3126 laicus
849 3065 979 3143 quidam
996 3063 1117 3140 Egber-

491 3175 543 3224 tus
578 3164 711 3224 nomine
746 3181 848 3224 senex
879 3171 910 3223 et
941 3174 1116 3237 provectae

321 3260 488 3321 asaetatis:
519 3262 657 3322 devotus
681 3263 751 3322 Deo
783 3271 814 3322 et
844 3262 957 3321 beatae
986 3260 1117 3336 virgini,

357 3376 394 3418 ac
418 3359 563 3420 fervidus
592 3369 723 3420 sanctae
752 3358 950 3436 paupertatis
980 3367 1115 3417 amator.

359 3456 422 3516 Hic
444 3458 624 3518 secundum
640 3458 729 3517 vires
751 3475 828 3517 suas
844 3456 970 3517 fortiter
991 3455 1117 3515 labora-

358 3554 420 3630 vit,
451 3565 569 3615 terram
593 3554 763 3630 fodiendo,
794 3563 826 3614 et
848 3553 1118 3628 transvectand03

358 3662 454 3728 atque
477 3653 509 3711 in
533 3653 697 3712 laboribus
720 3652 898 3727 desudans,
921 3652 1117 3712 Dominicae

321 3751 521 3827 aopassionis
550 3751 680 3810 dolores
710 3751 921 3827 recogitabat:
950 3760 982 3810 et
1005 3750 1117 3826 fatiga-

716 3855 757 3896 210
