2692 4659
308 664 470 717 &wgo
488 662 555 706 vrri
572 663 736 706 [roboreis
751 662 890 706 witonus
906 664 1070 717 {otum

310 798 502 859 nominatim
525 797 693 874 cognovit:
719 807 751 857 et
773 797 882 873 qualia
903 797 992 859 circa
1014 815 1069 857 eas

310 896 467 957 divinitus
482 906 552 957 acta
568 896 706 971 fuerant,
728 894 801 954 aliis
821 912 1068 972 nonnumquam

311 993 482 1053 referebat.

351 1090 485 1150 Dixerat
507 1088 680 1165 aliquando
703 1089 831 1149 cuidam
848 1088 961 1165 priori,
983 1091 1069 1167 quod

288 1190 355 1249 sita
376 1187 611 1249 monasterium
634 1186 740 1263 ipsius
764 1197 796 1247 et
819 1188 994 1248 ecclesiam
1019 1206 1070 1248 co·

309 1286 486 1364 gnoscebat
508 1285 593 1345 sicut
614 1285 702 1361 ipse;
725 1294 756 1345 et
778 1286 865 1361 quod
881 1303 941 1361 per
956 1298 1070 1347 noctes

310 1382 1069 1445 dormientibusfratribusdormitoriumeorum

310 1482 444 1542 visitare
466 1484 607 1543 solebat:
629 1493 661 1543 et
677 1482 763 1543 circa
778 1483 917 1542 lectulos
934 1482 1069 1544 lratrum

310 1583 444 1660 angelos
466 1591 597 1642 sanctos
619 1592 706 1643 stare
727 1582 867 1642 videbat.

278 1698 302 1739 io
353 1680 427 1740 Erat
449 1679 579 1756 quidam
602 1679 732 1741 iuvenis
749 1679 915 1739 Henricus
936 1680 1069 1740 nomine

312 1779 351 1838 de
377 1776 479 1853 Hagis
507 1776 585 1836 villa
615 1777 708 1836 ducis
738 1777 934 1837 Hollandiae
964 1786 1071 1852 natus,

311 1893 409 1952 quern
431 1874 523 1951 virgo
545 1874 636 1950 prius
651 1892 829 1951 numquam
848 1874 991 1935 viderat:
1015 1874 1069 1951 qui

313 1972 374 2033 Dei
385 1972 486 2049 gratia
495 1971 683 2047 inspiratus,
694 1972 919 2032 nescientibus
930 1972 1071 2049 parenti-

312 2072 374 2130 bus
396 2069 468 2143 eius
483 2068 627 2128 habitum
645 2077 776 2128 sanctae
793 2068 963 2145 religionis
984 2068 1070 2144 apud

279 2166 571 2229 rsCarthusienses
614 2165 647 2225 in
690 2166 835 2241 partibus
873 2166 1071 2226 Brabantiae

313 2282 414 2342 prope
437 2264 531 2323 Diest
553 2262 715 2340 quaesivit
737 2273 769 2323 et
790 2263 924 2339 accepit.
962 2263 1071 2324 Cuius

313 2369 404 2436 pater
438 2359 634 2418 Wilhelmus
671 2358 877 2434 nominatuS,
914 2361 1072 2421 nesciens

314 2458 391 2535 quid
422 2456 508 2515 circa
544 2455 645 2515 filium
678 2473 773 2515 suum
807 2466 914 2516 actum
949 2457 1071 2518 fuerat:

314 2556 483 2632 ingressus
511 2563 562 2613 est
590 2554 629 2613 ad
658 2554 817 2630 virginem
848 2554 984 2615 forsitan
1016 2557 1072 2616 ali·

276 2653 390 2731 zoquid
421 2652 640 2728 quaesiturus
694 2651 759 2728 Qui
793 2652 900 2712 statim
938 2656 1072 2730 proprio

312 2751 445 2812 nomine
468 2760 500 2809 et
514 2749 688 2826 agnomine
704 2750 743 2808 ab
759 2766 796 2809 ea
812 2760 958 2825 vocatus,
980 2752 1071 2811 audi·

312 2849 357 2909 vit
373 2848 532 2925 virginem
548 2864 705 2924 prospera
727 2847 793 2908 filio
811 2865 872 2907 suo
888 2849 1072 2925 imprecan-

312 2959 394 3008 tem:
424 2956 455 3007 et
483 2963 583 3021 super
611 2946 706 3006 bonis
734 2963 753 3005 a
782 2947 852 3006 Deo
882 2946 944 3006 sibi
975 2947 1072 3008 lactis

312 3045 579 3122 congaudentem.
623 3043 729 3119 Super
750 3061 815 3120 quo
837 3044 892 3104 ille
915 3045 1071 3105 miratus:

275 3160 442 3206 zscausam
465 3141 564 3201 huius
580 3141 867 3218 congratulationis
883 3142 1072 3203 sciscitatus

313 3250 372 3301 est.
415 3239 456 3299 llt
478 3238 532 3298 illa
554 3238 679 3314 stupori
702 3239 773 3299 eius
796 3241 931 3299 verbum
956 3240 1072 3301 iucun-

312 3342 388 3400 dum
412 3336 573 3397 adiciens:
603 3337 772 3413 respondit
800 3355 875 3397 eum
901 3338 934 3397 in
957 3356 1072 3415 supra-

312 3437 397 3496 dicto
420 3434 618 3495 monasterio
641 3444 777 3495 sanctae
789 3434 959 3511 religionis
980 3437 1071 3496 habi-

312 3546 378 3594 tum
402 3533 559 3593 induisse.

275 3656 303 3696 ao
353 3632 427 3691 Erat
456 3641 487 3691 et
515 3631 599 3691 alius
629 3631 803 3707 religiosus
832 3632 872 3691 de
900 3633 1071 3694 Dordraco

312 3741 417 3805 natus,
432 3729 534 3789 sedin
548 3729 693 3789 Emstein
708 3730 866 3807 regularis
882 3731 1072 3807 professus3

668 3834 710 3876 410
