2692 4659
368 649 530 701 mm
548 648 616 691 vira
633 647 796 690 irnewmrs
811 646 951 690 vmcmrs
967 647 1116 701 mmmm
1155 619 1157 624 ’

370 800 443 843 cum
466 782 586 859 quibus
608 783 701 859 plura
723 782 820 842 corda
847 780 977 858 depicta
999 781 1115 841 fuerant

369 880 462 957 quasi
491 881 606 941 iaculis
634 881 706 941 slve
736 880 862 958 sagittis
891 880 996 941 acutis
1025 890 1116 941 trans·

370 980 440 1039 fixa.
471 979 562 1040 Haec
584 988 692 1039 autem
713 978 822 1040 omnia
837 979 1026 1060 sepulturae
1048 994 1116 1038 suae

369 1077 556 1137 necessaria
569 1076 718 1153 pluribus
733 1075 829 1135 annis
847 1086 943 1136 antea
958 1092 1115 1152 praepara-

348 1186 475 1236 sverat:
504 1185 536 1236 et
564 1176 605 1235 de
626 1174 783 1235 extremis
812 1175 958 1251 cogitans
983 1174 1067 1250 apud
1086 1188 1114 1231 se

369 1274 517 1349 tenebat,
553 1273 641 1333 iuxta
672 1273 752 1333 illud
784 1274 963 1348 prophetae
994 1272 1114 1343 dictum,

370 1389 561 1447 praeparare
590 1370 623 1429 in
653 1387 826 1430 occursum
853 1369 913 1429 Dei
939 1370 986 1431 tui
1011 1368 1112 1430 Israel:

369 1469 445 1545 quia
466 1469 576 1529 veniet
593 1468 754 1527 Dominus
775 1477 807 1527 et
822 1484 887 1526 non
903 1467 1041 1527 tardabit
1056 1465 1112 1526 red·

369 1567 446 1626 dere
458 1566 634 1641 unicuique
644 1565 732 1625 iuxta
743 1582 842 1641 opera
852 1582 920 1624 sua.
943 1565 1011 1625 Sub
1022 1563 1112 1640 capite

335 1682 359 1721 ιο
369 1681 446 1723 vero
469 1665 541 1724 eius
563 1665 648 1724 sicut
663 1664 905 1724 desideraverat
927 1664 1054 1740 positus
1074 1671 1112 1721 est

368 1762 519 1821 sacculus
541 1762 671 1837 quidam
695 1778 768 1821 cum
792 1760 936 1820 lacrimis
959 1761 1032 1821 eius
1053 1775 1111 1820 san·

367 1858 497 1935 guineis
519 1860 664 1920 suaviter
679 1859 913 1933 redolentibus
936 1876 1019 1935 quas
1034 1873 1112 1918 rosas

367 1958 601 2033 appellaverat:
631 1975 714 2034 quae
737 1975 777 2017 ex
801 1957 934 2017 caritate
957 1974 1071 2033 magna
1088 1965 1112 2013 et

368 2054 476 2114 cordis
498 2056 694 2117 contritione
715 2057 753 2115 ab
769 2056 874 2115 oculis
897 2055 970 2115 eius
993 2055 1112 2116 distilla-

335 2162 490 2213 rsverant.
534 2153 603 2213 Has
625 2154 757 2230 quidem
780 2171 939 2213 successu
969 2150 1112 2229 temporis

368 2267 407 2309 ex
430 2251 535 2310 oculis
557 2253 629 2312 eius
648 2253 841 2327 defluentes,
863 2261 895 2311 et
911 2269 1012 2328 super
1025 2264 1113 2328 genas

368 2347 440 2406 eius
465 2350 659 2425 coagulataS,
688 2350 840 2409 dominus
864 2350 1028 2409 lohannes
1050 2363 1113 2407 con-

369 2444 475 2503 fessor
497 2446 579 2522 eius,
602 2464 675 2506 cum
699 2448 771 2507 aliis
787 2448 1019 2507 communibus
1034 2444 1113 2506 lacri-

368 2542 430 2600 mis
461 2542 533 2602 eius
564 2545 682 2605 leniter
713 2545 910 2605 emolliendo
947 2555 1041 2606 caute
1071 2542 1114 2601 ab·

331 2660 358 2701 20
367 2650 506 2699 raserat:
518 2651 549 2700 et
560 2641 592 2700 in
604 2642 735 2701 sacculo
747 2642 920 2718 diligenter
931 2642 1113 2710 recondens,

367 2739 450 2813 apud
480 2756 516 2798 se
545 2739 577 2799 in
600 2739 722 2799 scrinio
745 2741 866 2800 mundo
889 2745 1112 2800 reservaverat.
1155 2795 1157 2808 ,

369 2943 424 3002 DE
441 2942 641 3002 MIRABILI
660 2942 839 3004 DECORE
856 2941 907 3001 ET
924 2938 1112 3004 ASPECTV

596 3038 764 3100 VVLTVS
789 3039 895 3100 EIVS.

574 3188 779 3238 CAPITVLVM
799 3189 916 3238 XXVIII.
1154 3191 1157 3326 1

329 3268 667 3485 εεὲἶέκαεάἰκεωῐ
708 3337 816 3386 autem
857 3326 948 3403 virgo
986 3325 1112 3386 eximiae
1155 3335 1157 3356 ²

370 3416 386 3475 l
494 3424 687 3483 humilitatis
702 3424 788 3500 quod
804 3424 889 3484 sicut
905 3424 1005 3485 ceteri
1021 3420 1112 3484 homi·
1155 3491 1157 3512 Ι

367 3539 426 3581 nes
449 3540 522 3582 cum
545 3521 696 3581 maximis
725 3522 841 3597 poenis
864 3533 1062 3597 moreretur3
1086 3525 1112 3576 el

366 3620 452 3694 quod
474 3619 563 3678 nulla
585 3619 741 3678 miracula
763 3619 795 3678 in
825 3620 897 3679 eius
920 3631 1024 3682 morte
1047 3634 1111 3681 con·

365 3715 542 3792 tingerent:
574 3717 660 3793 quod
690 3728 722 3777 et
753 3718 872 3777 factum
906 3717 967 3779 luit
995 3729 1029 3779 ut
1056 3718 1108 3776 iam
1153 3761 1157 3922 1

724 3821 766 3863 4⁴2
