2692 4659
241 689 564 744 mmm
603 690 1000 743 XXAEKWWM

243 841 332 900 rare;
357 826 531 884 humanam
555 825 684 885 laudem
708 825 867 899 refutare,
889 823 1000 884 solitu·

194 908 196 911 ’
242 922 352 982 dinem
376 939 552 998 quaerere,
580 922 747 982 silentium
775 938 899 980 amare:
930 922 1000 981 Deo

242 1037 370 1095 vacare,
387 1021 426 1079 ad
442 1021 596 1081 caelestia
610 1020 793 1096 suspirare3
816 1020 924 1079 omnia
939 1029 1001 1079 ter·

241 1134 320 1176 rena
350 1134 391 1177 ex
420 1118 517 1178 corde
546 1118 765 1195 vilipendere:
797 1118 842 1178 nil
873 1127 1002 1194 praeter

243 1216 350 1276 Deum
388 1216 449 1276 sibi
486 1216 683 1277 solaciosum
720 1228 879 1292 reputare.
937 1217 1025 1277 lstes

242 1324 350 1390 potest
372 1332 446 1373 cum
469 1315 562 1375 beato
584 1316 685 1375 Paulo
706 1316 853 1391 apostolo
876 1314 1001 1374 dicere:

242 1413 317 1490 quia
347 1412 428 1472 mihi
455 1412 567 1473 vivere
595 1412 751 1474 Christus
780 1421 830 1472 est
859 1421 891 1472 et
918 1410 1000 1471 mori

242 1512 381 1571 lucrum.
415 1510 453 1569 Et
475 1510 603 1570 iterum.
635 1509 778 1571 Gloriari
802 1527 853 1569 me
876 1517 1002 1584 oportet

242 1608 272 1668 in
303 1625 404 1668 cruce
427 1608 559 1667 Domini
589 1607 653 1668 mei
678 1608 751 1667 lesu
775 1606 915 1669 Christi:
944 1622 1002 1681 per

242 1722 339 1782 quern
374 1706 516 1768 mundus
544 1705 606 1765 iste
637 1705 716 1765 mihi
747 1704 923 1764 crucifixus
951 1712 1037 1763 estro

243 1811 271 1862 ct
293 1820 357 1879 ego
380 1803 512 1863 mundo.
555 1802 584 1863 Ο
607 1802 761 1878 religiose
783 1803 942 1862 monache
969 1811 1001 1861 et

242 1911 385 1961 sectator
406 1900 535 1960 artioris
557 1899 658 1960 vitae:
686 1899 752 1959 noli
775 1900 813 1959 ab
836 1908 1002 1975 assumpta

243 2014 340 2058 cruce
373 1996 407 2055 in
437 1996 550 2056 ordine
582 1998 754 2072 recedere3
785 1998 843 2057 sed
875 1998 1001 2057 sustine

243 2104 271 2153 et
301 2102 396 2170 porta
424 2110 555 2153 crucem
585 2111 691 2170 usque
719 2095 758 2154 ad
787 2104 941 2154 mortem:
971 2105 1002 2155 et

243 2191 395 2251 invenies
434 2201 599 2251 aeternam
640 2192 787 2268 requiem
826 2193 1000 2253 caelestem
1013 2214 1038 2253 rs

242 2290 377 2365 gloriam
402 2297 434 2348 et
455 2290 624 2349 honorem.
661 2290 801 2367 Quando
819 2290 926 2366 aliqua
948 2290 1002 2350 tri-

242 2386 364 2446 bulatio
393 2386 451 2445 tibi
474 2387 621 2461 advenit,
649 2396 726 2447 tunc
750 2388 905 2449 Christus
928 2406 1000 2447 cum

243 2501 340 2544 cruce
363 2483 421 2543 tibi
444 2484 568 2544 obviat:
591 2493 623 2544 et
645 2484 707 2544 iter
728 2485 767 2544 ad
789 2487 931 2545 caeleste
953 2504 1001 2546 re·

240 2599 340 2658 gnum
365 2598 429 2657 quo
459 2599 594 2658 pergere
624 2582 744 2642 debeas
772 2584 923 2644 ostendit.
967 2584 1000 2645 Si

241 2682 316 2757 quis
331 2688 441 2740 autem
458 2679 624 2755 gloriatur,
646 2690 678 2740 et
700 2690 808 2756 sperat
830 2681 864 2740 in
879 2682 1038 2742 divitiisao

240 2788 271 2839 ct
297 2777 480 2838 honoribus
501 2778 600 2837 huius
622 2778 752 2853 mundi,
781 2795 859 2839 vere
882 2781 1001 2857 decipi·

240 2887 308 2937 tur:
331 2885 365 2936 et
386 2875 467 2935 nihil
490 2892 530 2935 ex
553 2876 705 2936 omnibus
727 2894 840 2936 secum
863 2880 1001 2954 portabit

240 2991 324 3050 quae
356 2973 391 3033 in
420 2974 542 3033 mundo
572 2991 680 3033 amare
710 2975 890 3035 consuevit.
935 2976 1000 3053 Qui

240 3089 320 3132 vero
343 3072 377 3131 in
399 3088 497 3131 cruce
513 3071 639 3132 Christi
661 3071 817 3148 gloriatur
839 3083 871 3133 et
892 3073 1001 3132 omnia

239 3180 374 3246 propter
392 3168 563 3231 Christum
587 3170 783 3229 contemnit:
805 3170 859 3229 hic
882 3171 999 3231 iterum
1010 3190 1037 3231 25

239 3268 417 3329 aChristo
446 3266 479 3325 in
508 3267 672 3342 praesenti
703 3268 939 3342 consolabitur;
969 3278 1001 3327 et

239 3365 272 3425 in
307 3365 417 3425 futuro
449 3364 647 3424 caelestibus
677 3364 773 3424 bonis
804 3366 1000 3440 replebitur:

238 3482 275 3524 ac
309 3464 381 3523 sine
414 3462 479 3522 line
510 3479 584 3521 cum
617 3462 753 3524 Christo
786 3471 817 3522 et
848 3463 1000 3522 omnibus

236 3559 362 3620 sanctis
379 3557 570 3618 felicissime
589 3558 751 3634 gaudebit.
789 3559 882 3636 Quae
905 3559 1000 3618 nobis

236 3668 406 3735 praestare
442 3656 593 3733 dignetur
624 3657 718 3716 lesus
750 3656 905 3717 Christus
941 3674 1035 3731 proso

235 3756 333 3816 nobis
363 3754 397 3814 in
420 3771 517 3815 cruce
546 3773 663 3831 passus
693 3764 724 3814 et
752 3764 916 3814 mortuus:
946 3754 997 3813 cui

602 3861 637 3901 191
