2692 4659
256 678 771 732 mmmmm,
801 681 851 722 x·
881 681 1017 732 ‚ruso

256 814 319 871 bus
343 812 464 888 ubique
487 812 665 888 repletum:
695 822 727 873 et
750 813 856 873 forum
878 831 897 873 a
918 831 1015 891 nego-

256 910 311 969 tiis
336 910 460 970 saeculi
485 927 560 971 esse
582 910 740 987 quietum.

298 1008 425 1085 Quinto
447 1009 621 1069 ecclesiam
645 1009 706 1069 Dei
730 1019 822 1069 ornat
844 1018 876 1069 et
897 1009 1015 1069 illumi-

256 1117 329 1182 nat,
360 1107 518 1183 frequens
540 1116 572 1167 et
593 1107 779 1167 communis
802 1107 904 1167 oratio
933 1108 1015 1167 mul·

256 1216 377 1282 torum,
399 1216 463 1267 tam
479 1206 558 1265 cleri
575 1223 671 1282 quam
688 1205 788 1266 totius
803 1205 913 1282 populi
930 1205 1037 1265 chri-5

256 1303 373 1378 atiani,
401 1304 440 1362 ad
462 1305 569 1364 Deum
599 1304 760 1363 instanter
781 1302 1014 1380 supplicantis:

256 1418 314 1476 pro
332 1400 473 1461 diversis
495 1402 603 1461 causis
625 1411 657 1462 et
672 1401 925 1462 necessitatibus
948 1418 1015 1461 om·

256 1498 348 1558 nium
365 1498 579 1576 indigentium
591 1517 746 1560 sanorum
758 1509 790 1560 et
799 1500 1015 1575 infirmorum,

256 1598 408 1657 vivorum
438 1608 470 1657 et
498 1598 739 1658 defunctorum.
777 1597 841 1658 lsta
869 1598 1014 1674 quinque

256 1694 433 1755 luminaria
454 1705 530 1755 sunt
545 1695 640 1755 valde
662 1695 851 1755 necessaria
873 1705 905 1755 et
924 1695 1015 1755 utilia
1027 1715 1051 1755 ro

257 1792 288 1853 in
309 1792 400 1853 omni
425 1794 582 1869 ecclesia3
604 1810 687 1870 quae
703 1793 836 1853 domum
859 1792 1015 1853 orationis

258 1892 380 1968 optime
402 1902 534 1952 ornant:
557 1902 589 1952 et
611 1901 775 1967 tamquam
799 1890 945 1967 quinque
967 1908 1015 1950 ar-

259 1990 372 2052 dentes
388 1991 555 2067 lampades
565 1990 723 2066 templum
735 1988 797 2048 Dei
814 1988 1014 2050 illuminant:

260 2100 286 2150 et
308 2099 433 2149 rectam
455 2088 540 2147 viam
570 2087 609 2146 ad
636 2104 812 2163 supernam
837 2087 1014 2147 Ierusalem

258 2197 287 2247 et
324 2187 502 2247 caelestem
539 2185 743 2246 mansionem
780 2185 1050 2245 demonstrantis

256 2280 464 2361 Vbicumque
494 2299 570 2360 ergo
593 2283 626 2342 in
649 2283 790 2343 ecclesia
815 2283 877 2343 ista
898 2283 1015 2343 devota

256 2392 286 2443 et
301 2391 418 2443 sancta
439 2381 548 2442 officia
562 2382 682 2442 debitis
703 2381 906 2456 temporibus
922 2398 1014 2441 reve·

256 2490 369 2541 tenter
391 2490 423 2540 et
438 2480 611 2556 diligenter
631 2479 729 2554 fiunt3
751 2479 794 2538 ibi
812 2479 903 2538 Deus
926 2478 1014 2537 habi-

259 2588 307 2654 at,
331 2578 377 2637 ibi
393 2578 566 2654 praesidet,
582 2578 677 2639 docet
692 2589 724 2638 et
733 2578 907 2653 gubernat:
930 2576 1015 2637 sicut

260 2694 287 2736 n
303 2675 505 2753 Apocalypsi
527 2676 642 2735 beatus
659 2677 822 2736 Iohannes
844 2676 897 2735 ait.
929 2675 1050 2736 Ecceao

260 2774 500 2833 abernaculum
536 2774 596 2833 Dei
630 2791 704 2833 cum
741 2772 946 2834 hominibus:
982 2783 1014 2833 et

256 2870 412 2931 labitabit
428 2870 588 2930 cumillis
612 2869 775 2932 Omnibus
787 2870 885 2946 igitur
895 2871 1013 2930 tumul-

261 2968 342 3028 ibus
365 2979 397 3028 et
420 2968 538 3028 fabulis
568 2985 642 3028 cum
666 2968 749 3028 iocis
779 2967 939 3027 exclusis:
968 2966 1012 3026 nil

256 3066 342 3125 aliud
372 3064 404 3124 in
428 3065 524 3125 domo
554 3066 710 3126 orationis
739 3076 771 3126 et
799 3067 871 3125 loco
901 3072 1013 3123 sancto

256 3158 326 3223 ieri
366 3163 459 3223 decet
497 3173 528 3223 et
559 3164 671 3240 debet;
713 3164 776 3223 nisi
816 3163 901 3240 quod
942 3162 1050 3225 Deoas

256 3261 396 3322 maxime
418 3263 524 3338 placet
546 3272 578 3322 et
599 3262 766 3338 proximos
789 3261 953 3321 aedificat:
981 3269 1013 3319 et

256 3358 298 3416 ad
316 3359 461 3419 divinum
484 3359 629 3420 officium
652 3359 839 3435 specialiter
861 3358 1012 3434 pertinet.

260 3452 351 3529 Quae
387 3474 464 3534 ergo
500 3457 539 3517 ad
576 3457 761 3517 devotionis
795 3457 949 3534 gratiam,
980 3465 1012 3515 et

266 3552 302 3610 ad
325 3556 521 3616 canticorum
551 3555 758 3615 dulcedinem
783 3565 815 3615 et
836 3554 1011 3628 yerborum

272 3644 510 3730 intellegentiam
526 3653 654 3713 iuvant:
670 3656 750 3713 haec
767 3653 865 3712 corde
880 3652 1010 3728 pensari
1020 3679 1048 3719 30

276 3743 385 3826 debent,
407 3762 438 3812 et
460 3752 544 3811 laeto
567 3768 623 3811 ore
646 3752 685 3811 ad
708 3752 835 3810 laudem
855 3751 915 3810 Dei
939 3767 1010 3826 pro-

613 3857 654 3896 aas
