2692 4659
363 671 523 723 m&
551 671 713 714 SERMONES
728 671 768 713 AD
785 672 933 716 novicios
959 674 1126 726 wife->RSD

363 820 429 863 non
452 805 625 881 negabunt,
640 805 811 881 praesidia.
840 805 887 866 Tu
910 806 1052 867 debitam
1070 825 1125 868 ex-

363 901 439 960 hibe
461 903 695 964 reverentiam:
725 913 757 964 et
778 903 823 963 illi
854 922 963 964 curam
986 905 1044 966 tibi
1068 907 1125 967 ad-

363 998 521 1060 hibebunt
543 1001 774 1061 firmissimam.
815 1001 931 1063 Amen.

669 1174 812 1225 ORATIO.

338 1242 523 1472 affl&
554 1311 696 1371 Domine
726 1312 799 1371 lesu
830 1322 861 1372 et
892 1312 1122 1375 sanctissimae

500 1408 593 1469 matri
616 1418 691 1469 tuae
718 1408 834 1485 virgini
863 1409 1003 1470 Mariae:
1033 1429 1123 1472 com·

362 1507 480 1567 mendo
502 1506 643 1567 animam
673 1523 778 1566 meam
809 1516 841 1567 et
863 1523 982 1583 corpus
1009 1525 1122 1569 meum

361 1605 610 1665 custodiendum
653 1604 686 1663 in
722 1603 820 1663 vitam
857 1613 1032 1665 aeternam.
1090 1605 1122 1667 Ο

362 1702 458 1763 unica
479 1719 555 1779 spes
578 1719 650 1762 mea
673 1703 767 1762 Iesus
790 1712 821 1762 et
837 1702 958 1762 Maria:
980 1702 1012 1761 in
1029 1704 1121 1763 omni

327 1800 569 1861 retribulatione
601 1811 633 1861 et
661 1800 810 1877 angustia
838 1810 1006 1860 succurrat
1037 1801 1121 1862 mihi

361 1898 465 1974 pietas
485 1907 604 1958 vestra.
646 1899 715 1959 Vos
744 1898 824 1958 estis
852 1898 977 1974 patroni
1006 1907 1123 1973 poten-

361 1996 496 2057 tissimi:
531 2012 631 2071 super
666 2013 782 2056 omnes
817 2005 948 2057 sanctos
979 1998 1123 2059 amandi.

362 2094 436 2154 Non
458 2094 562 2154 habeo
585 2103 761 2169 pauperet
784 2095 977 2171 peregrinus
998 2094 1032 2154 in
1056 2098 1122 2155 hoc

361 2192 500 2264 mundo,
529 2201 593 2251 tam
623 2192 737 2251 fideles
760 2202 791 2252 et
813 2209 906 2253 caros
927 2192 1051 2253 amicos
1079 2210 1122 2254 ex

328 2289 513 2351 nomnibus
543 2288 626 2348 caris
655 2298 688 2349 et
716 2290 802 2350 notis
831 2290 931 2350 meis:
962 2290 1048 2351 sicut
1078 2292 1122 2352 de

360 2386 453 2447 vobis
475 2385 613 2447 confido.

400 2575 456 2634 DE
479 2572 658 2635 DEVOTO
683 2574 884 2635 SERVITIO
909 2574 1083 2636 ΒΕΑΤΑΕ

415 2672 615 2734 VIRGINIS
639 2672 691 2732 ET
714 2672 1065 2735 RECORDATIONE

577 2769 770 2831 NOMINIS
794 2770 900 2831 EIVS.

322 2933 349 2974 ω
622 2919 742 2970 SERMO
760 2919 851 2968 XXIII.

359 2996 614 3215 ffimm
637 3073 708 3116 mea
730 3057 763 3116 ἰη
779 3056 986 3132 generatione
1007 3074 1121 3119 saecu-

360 3112 371 3191 ἓ
503 3155 615 3213 lorum.
655 3154 760 3214 Maria
782 3154 981 3230 paupertatis
1003 3157 1120 3234 amica,

358 3251 550 3311 humilitatis
572 3252 640 3312 via:
669 3252 843 3328 patientiae
873 3253 993 3329 Forma,
1022 3265 1055 3316 et
1083 3255 1119 3316 in

358 3347 510 3408 omnibus
532 3349 686 3423 perfecta.
729 3350 778 3410 Ab
808 3350 940 3411 exordio
969 3351 1121 3413 nativita-

321 3463 349 3504 25
358 3444 399 3505 tis
416 3445 489 3504 lesu
513 3448 742 3522 pauperculam
759 3447 857 3507 vitam
880 3448 986 3509 duxit:
1009 3458 1042 3509 et
1064 3468 1120 3510 us-

357 3558 421 3617 que
443 3541 482 3600 ad
504 3541 626 3601 exitum
649 3543 722 3603 eius
744 3544 777 3603 in
797 3559 905 3619 cruce,
927 3545 1118 3621 patientiam

358 3650 545 3700 constanter
572 3640 686 3701 tenuit.
729 3641 822 3701 Hanc
852 3642 945 3718 sequi
974 3645 1120 3719 placeat:

358 3741 441 3799 hanc
463 3741 624 3799 honorare
639 3739 754 3799 humili
778 3750 810 3800 et
825 3740 942 3801 devoto
958 3741 1122 3820 obsequio

716 3843 755 3885 ara
