2692 4659
302 666 591 727 &imm
627 677 666 718 vn
705 677 1027 729 &sammaa

298 806 343 865 rari
360 809 521 884 permittit.
553 810 627 869 Heu
643 810 797 886 superbia
817 827 914 887 quam
931 827 1027 869 caeca

295 913 319 962 et
334 905 412 967 fatua
439 925 587 985 semper;
617 926 713 985 quam
744 909 839 985 longe
868 907 980 967 devias
1008 925 1027 967 a

293 1020 372 1080 regno
401 1005 479 1065 Dei:
511 1014 544 1066 et
574 1006 826 1083 praecipitanter
853 1005 959 1065 curris
987 1005 1026 1065 ad

289 1113 380 1176 portas
400 1103 532 1164 insemi.
575 1103 604 1164 O
627 1113 747 1181 quanta
761 1105 846 1162 bona
866 1111 899 1163 et
920 1102 1027 1162 lauda·

288 1198 348 1260 bilia
367 1201 453 1261 dicta
481 1209 558 1261 sunt
585 1201 626 1260 de
654 1210 686 1262 te
709 1200 876 1261 humilitas
907 1209 1051 1275 sanctas

285 1313 403 1375 semper
424 1298 579 1358 oboedire
601 1307 729 1375 parata3
749 1298 806 1358 tibi
830 1298 917 1358 enim
937 1315 1028 1374 aper-

283 1405 323 1455 tae
343 1407 421 1457 sunt
442 1397 558 1457 ianuae
582 1396 679 1456 caeli:
706 1397 746 1456 ad
768 1396 940 1456 videndam
962 1396 1028 1472 glo·

281 1493 391 1555 riosam
423 1495 540 1554 faciem
571 1494 645 1554 Iesu
669 1494 806 1554 Christi.
848 1494 922 1553 Non
952 1510 1028 1570 ergo

278 1608 368 1667 grave
389 1591 487 1652 alicui
511 1591 569 1667 sit,
597 1608 658 1651 nee
690 1590 858 1667 indignum
881 1590 1030 1651 videatur

278 1700 403 1766 propter
424 1690 530 1749 Deum
553 1688 707 1748 oboedire
729 1688 853 1748 homini
876 1688 909 1748 in
931 1688 1029 1749 licitis
1041 1704 1065 1745 m

277 1798 305 1847 et
324 1788 491 1848 honestis:
522 1787 651 1863 quando
674 1786 830 1848 Christus
853 1786 957 1846 iactus
980 1797 1030 1847 est

276 1886 452 1946 oboediens
481 1902 585 1961 usque
611 1885 651 1944 ad
678 1884 889 1961 ignominiam
911 1885 1029 1945 crucis.

276 1984 401 2043 Revera
433 1983 549 2043 iratres
584 1984 611 2043 si
648 1984 723 2060 quis
760 1981 940 2042 oboedierit
976 1992 1030 2042 aut

275 2081 425 2141 servierit
441 2080 530 2141 fratri
547 2092 679 2158 propter
695 2082 812 2154 Deum,
830 2080 883 2139 hic
899 2079 1030 2140 exhibet

275 2180 343 2239 Deo
366 2178 545 2239 maximum
567 2179 600 2239 in
623 2197 682 2239 sua
703 2178 907 2238 subiectione
929 2178 1067 2237 hono-15

274 2294 359 2337 rem:
382 2286 415 2336 et
429 2277 561 2337 habebit
582 2277 615 2337 in
638 2277 703 2336 fine
720 2276 890 2336 Christum
913 2275 964 2334 sui
987 2275 1030 2334 la-

273 2375 361 2435 boris
383 2375 565 2452 praemium
588 2393 624 2435 ac
647 2384 778 2434 sanctae
798 2372 966 2433 servitutis
982 2389 1031 2431 re-

273 2482 516 2533 muneratorem
548 2473 591 2533 ita
622 2472 795 2533 dicentem.
845 2470 942 2548 Quod
974 2469 1029 2529 uni

274 2572 313 2632 de
335 2571 389 2631 his
419 2571 572 2631 fratribus
601 2570 685 2630 meis
714 2568 859 2629 minimis
889 2567 1030 2628 fecistis:

274 2669 353 2729 mihi
377 2668 513 2728 fecistis.
556 2667 634 2728 Sine
656 2665 862 2727 oboedientia
890 2683 1067 2741 namqueao

275 2778 305 2827 et
328 2766 478 2834 fraterna
493 2766 640 2826 caritate:
663 2775 718 2825 aut
737 2781 845 2840 parva,
867 2773 921 2824 aut
943 2764 1032 2824 nulla

274 2874 351 2924 sunt
361 2881 461 2941 opera
471 2874 591 2923 nostra.
616 2863 703 2925 Cum
715 2861 829 2923 humili
841 2879 919 2922 vero
935 2861 1031 2922 oboe-

275 2964 411 3025 dientia:
434 2964 563 3039 placent
578 2962 648 3020 Deo
671 2961 767 3020 etiam
784 2960 861 3020 vilia
883 2969 914 3021 et
933 2977 1032 3036 parva

275 3060 432 3138 obsequia
463 3058 616 3120 fratribus
651 3059 810 3135 impensa.
861 3060 969 3119 Verus
1000 3069 1031 3119 et

276 3160 440 3237 periectos
462 3158 641 3218 oboediens
663 3175 729 3217 non
755 3157 858 3218 tardat
880 3166 1067 3216 vocatus:2s

277 3275 339 3317 non
362 3274 399 3316 se
421 3267 555 3316 excusat
577 3265 756 3331 occupatus
780 3264 834 3315 aut
863 3254 1031 3331 fatigatus3

277 3357 367 3417 timet
394 3355 482 3415 enim
506 3354 567 3414 Dei
596 3354 765 3413 incurrere
795 3352 971 3411 offensam:
1003 3352 1030 3411 si

277 3469 339 3512 non
362 3452 511 3529 sequitur
538 3450 682 3511 iubentis
704 3466 819 3509 vocem
849 3449 1029 3509 secundum

277 3570 365 3613 suam
383 3549 641 3627 possibilitatem.
667 3548 744 3609 Sive
760 3564 836 3624 ergo
852 3546 1031 3606 oboediens

278 3660 343 3709 orat
364 3647 417 3707 vel
444 3646 583 3723 laborat,
614 3648 685 3707 sive
715 3645 792 3723 legit
820 3655 874 3705 aut
902 3645 1067 3721 scribit330

277 3745 344 3806 sive
366 3755 451 3806 tacet
472 3754 526 3804 aut
542 3733 716 3820 oquitur,
747 3743 817 3802 sive
839 3742 949 3818 vigilat
976 3752 1031 3801 aut

638 3850 666 3890 ss
