2692 4659
361 686 522 738 mm
550 684 713 727 SERMONES
728 686 769 727 ΑΙ)
786 685 935 728 Novrcros
957 686 1125 740 Q

363 838 433 880 cem
450 820 576 880 cadere.
600 819 665 896 Qui
683 836 760 895 crgo
776 820 925 895 sequitur
936 819 1124 897 Christum,

362 928 394 978 et
416 930 504 979 recte
527 918 629 978 credit
651 935 688 978 ac
704 918 788 978 bene
803 917 893 993 vivit,
915 917 1001 978 sicut
1024 935 1123 978 evan-

361 1015 446 1091 gelia
462 1016 579 1075 docent
601 1026 633 1075 ct
648 1015 751 1075 sancti
775 1016 925 1075 doctores
941 1016 1047 1092 plane
1071 1035 1123 1077 ex·

362 1123 503 1189 ponunt:
526 1113 623 1172 habet
638 1122 777 1189 quatuor
793 1112 934 1188 parietes
957 1123 1069 1174 rectos
1091 1124 1123 1175 et

259 1277 261 1281 ,
339 1210 474 1270 sflrmos
497 1210 606 1270 divina
628 1210 761 1271 caritate
784 1227 943 1271 conexos:
966 1212 1022 1288 qui
1041 1221 1122 1273 tem·

362 1310 451 1385 plum
483 1308 609 1368 animae
642 1325 721 1368 suae
753 1308 847 1368 valde
883 1309 1054 1370 muniunt:
1091 1321 1122 1370 et

362 1424 478 1467 omnes
500 1406 719 1466 dubitationes
746 1406 916 1466 exanimo
946 1408 1121 1483 repellunt.

363 1503 416 1563 Sic
446 1503 533 1564 enim
564 1513 640 1564 sunt
670 1503 703 1563 in
732 1504 865 1564 homine
895 1504 982 1564 fideli
1012 1515 1047 1565 et
1069 1506 1123 1565 de·

361 1611 436 1661 vota
462 1601 570 1661 anima
600 1601 704 1660 sancti
729 1600 889 1677 evangelii
912 1603 1012 1661 verba
1040 1602 1122 1662 divi-

327 1718 352 1757 ro
362 1696 451 1756 nitus
472 1697 647 1774 inspirata:
670 1699 756 1759 sicut
778 1716 878 1759 aurea
899 1710 992 1761 scuta
1007 1710 1122 1761 contra

361 1796 461 1873 ignita
476 1796 594 1856 diaboli
611 1806 844 1873 temptamenta
859 1807 890 1857 ct
906 1797 1015 1856 carnis
1031 1798 1121 1857 blan-

361 1894 521 1968 dimenta3
543 1894 629 1954 sicut
644 1894 778 1971 pretiosi
796 1895 920 1970 lapides
936 1894 969 1954 in
986 1905 1121 1971 pectore

362 1990 471 2051 Aaron
493 1991 673 2052 sacerdotis
696 2001 810 2051 contra
831 1992 942 2052 mundi
972 2009 1121 2054 errores:

361 2089 445 2149 sicut
468 2088 623 2148 candidae
646 2088 847 2165 margaritae,
870 2088 903 2148 in
919 2106 1043 2149 corona
1058 2090 1121 2150 vir·

327 2187 445 2264 rsginis
475 2197 586 2247 contra
615 2187 829 2263 cogitationes
857 2186 1004 2263 iniquas;
1035 2188 1122 2248 sicut

361 2284 526 2361 lampades
561 2285 713 2344 ardentes
749 2284 782 2343 in
814 2284 921 2344 medio
957 2286 1121 2346 ecclesiae

361 2393 435 2443 ante
453 2382 630 2443 Dominum
654 2382 735 2441 caeli
760 2392 791 2442 et
806 2391 912 2442 terrac
935 2381 1121 2442 clarissime

361 2482 526 2541 lucentes:
556 2490 587 2540 et
610 2480 695 2540 sicut
724 2481 896 2541 columnae
926 2497 1044 2541 aereae
1074 2499 1123 2541 ar·

360 2589 457 2655 gento
480 2579 650 2638 decoratae
673 2587 774 2637 totum
798 2577 983 2637 aedilicium
1006 2579 1123 2654 templi

324 2686 595 2736 zosustentantes

403 2774 492 2834 Felix
521 2774 629 2834 anima
651 2774 703 2834 cui
727 2775 833 2849 placet
855 2782 887 2834 et
909 2772 994 2848 sapit
1023 2790 1124 2835 omne

360 2874 496 2933 verbum
526 2872 612 2947 quod
644 2872 684 2932 de
716 2890 772 2932 ore
803 2872 863 2932 Dei
895 2871 1060 2947 procedit:
1093 2882 1126 2932 et

362 2969 519 3046 quidquid
550 2970 582 3029 in
615 2970 785 3046 evangelio
816 2968 941 3030 Christi
971 2969 1063 3029 audit
1093 2981 1126 3030 et

362 3067 448 3144 legit.
485 3067 618 3143 Quanto
648 3067 736 3127 enim
766 3066 898 3143 saepius
920 3066 994 3142 quis
1025 3084 1125 3127 evan·

324 3165 465 3241 asgelica
493 3165 592 3225 verba
624 3165 763 3225 audierit
794 3176 826 3225 et
857 3164 988 3240 legerit:
1024 3174 1125 3241 atque

362 3263 516 3323 attentius
533 3262 723 3339 cogitaverit
739 3273 770 3323 et
786 3262 1017 3339 ruminaverit3
1033 3272 1125 3324 tanto

362 3359 394 3419 in
424 3360 599 3420 virtutibus
634 3361 708 3436 plus
740 3360 904 3436 proficiet:
940 3370 972 3420 et
1003 3361 1127 3421 domus

361 3456 488 3516 animae
510 3474 590 3517 suae
618 3457 744 3518 firmius
766 3457 862 3518 stabit
883 3458 1127 3537 pulchriusque

363 3553 507 3630 fulgebit.
540 3555 682 3616 Multum
705 3573 836 3632 quoque
859 3555 891 3615 in
915 3555 980 3616 fine
1002 3559 1126 3634 gaude-

323 3651 408 3713 aobit
430 3651 484 3727 qui
509 3652 617 3712 lesum
648 3653 762 3714 intime
785 3653 904 3730 diligit:
935 3663 968 3713 et
996 3656 1127 3731 specia-

362 3749 426 3808 lem
456 3749 591 3825 gratiam
622 3749 661 3808 ab
691 3766 730 3809 co
760 3750 801 3809 ob
824 3749 897 3809 cius
927 3752 1126 3813 memoriam

719 3854 760 3895 aoo
