2692 4659
347 707 509 760 ww
537 708 700 751 SERMONES
715 709 755 751 AD
772 708 920 753 NOVICIOS
945 710 1112 764 mm

349 840 486 917 cogitavi
519 851 550 902 et
582 842 691 919 rogavi
716 843 894 904 Dominum
924 845 1011 921 quod
1041 862 1110 906 me·

348 938 413 997 lius
435 947 524 999 esset
552 949 586 1000 ut
614 956 674 1017 ego
704 957 762 1016 pro
784 942 878 1002 vobis
906 942 1110 1003 infirmarer:

349 1046 380 1096 et
402 1055 461 1097 vos
483 1056 563 1098 sana
583 1039 712 1100 essetis.
753 1038 844 1099 Tunc
866 1040 982 1099 devota
1005 1049 1111 1100 mater

348 1150 422 1193 cum
451 1135 536 1195 bona
565 1137 683 1197 fiducia
712 1155 808 1214 quam
838 1138 871 1198 in
895 1138 965 1197 Deo
995 1138 1110 1197 habuit

326 1232 400 1298 sait.
453 1233 499 1293 Ex
534 1244 624 1310 parte
656 1235 718 1295 Dei
755 1234 920 1311 praecipio
955 1234 1012 1294 tibi
1050 1251 1110 1309 per

348 1331 604 1391 oboedientiam:
634 1341 669 1392 ut
690 1333 831 1408 amplius
860 1349 926 1392 non
948 1340 1108 1407 aegrotes.

349 1427 496 1504 Quarum
525 1446 642 1505 preces
672 1431 764 1491 Deus
793 1430 988 1505 exaudiens,
1019 1429 1109 1489 dedit

348 1525 496 1601 utrisque
518 1528 655 1588 salutem
686 1529 725 1588 ad
748 1528 850 1588 sancti
881 1528 1024 1588 nominis
1056 1527 1107 1587 sui

349 1622 589 1684 invocationem
601 1625 729 1685 laudem
747 1634 779 1685 et
790 1627 959 1685 honorem.
990 1622 1108 1683 Amen.

315 1866 339 1907 10
514 1862 707 1912 EXEMPLVM
728 1863 945 1913 PATIENTIAE.

348 1952 578 2185 Quidam
598 2016 698 2077 irater
718 2018 929 2094 interrogavit
943 2018 1107 2094 quendam

490 2114 698 2190 peregrinum
729 2116 768 2175 de
798 2117 893 2192 longe
917 2115 1108 2175 venientem

349 2210 472 2271 dicens.
503 2211 563 2271 Dic
586 2212 665 2271 mihi
689 2212 774 2272 bone
792 2213 914 2289 amice;
936 2212 1107 2289 quidboni

349 2308 382 2367 in
418 2309 470 2368 via
505 2309 622 2369 audisti
660 2320 691 2370 et
727 2311 864 2371 vidisti?
916 2310 1109 2386 Respondit.

314 2426 339 2466 ιε
351 2406 541 2467 Patientiam
578 2425 758 2483 pauperum
794 2408 903 2469 audivi
940 2426 958 2467 a
993 2408 1109 2468 multis

348 2504 427 2563 satis
450 2505 589 2564 laudari:
619 2504 678 2564 sed
706 2523 724 2564 a
753 2506 865 2581 paucis
887 2505 953 2566 vidi
976 2504 1110 2566 imitari.

349 2600 437 2677 Quid
466 2603 585 2677 plura?
626 2601 691 2662 Ait.
735 2604 824 2663 Inter
853 2602 987 2663 delicias
1018 2619 1110 2661 com·

348 2699 416 2774 peri
440 2699 569 2775 spinas;
597 2700 683 2760 inter
704 2702 847 2761 honores
870 2700 935 2759 vidi
958 2700 1110 2760 dolores:

348 2807 388 2857 et·
402 2797 486 2857 inter
508 2798 637 2857 divitias
660 2797 770 2857 inveni
802 2797 991 2874 frequenter
1020 2797 1111 2870 lites,

310 2903 380 2954 zoet
402 2911 497 2954 curas
519 2912 663 2971 magnas,
701 2895 800 2955 Estne
822 2894 940 2970 aliquis
961 2894 1045 2954 iiber
1067 2896 1111 2954 ab

348 2991 399 3050 his
421 2993 542 3053 malis?
577 2991 632 3053 mt
651 2992 764 3053 tristis.
798 2992 895 3052 Pauci
919 2993 1109 3066 admodum,

348 3089 380 3148 in
396 3089 512 3150 diebus
527 3090 609 3150 istis.
639 3090 677 3150 Et
693 3090 720 3150 si
741 3090 852 3165 plures
867 3099 958 3149 sunt:
982 3088 1110 3164 ignoro.

349 3188 440 3247 Beati
464 3188 562 3264 igitur
583 3187 739 3264 religiosi,
768 3187 822 3263 qui
847 3186 954 3247 sciunt
976 3186 1111 3262 paucio-

347 3285 437 3344 ribus
459 3285 656 3345 contentari:
686 3294 718 3345 et
747 3302 765 3344 a
794 3284 925 3344 nemine
952 3284 1109 3344 honorari

310 3382 498 3457 ascupiunt,
529 3399 590 3442 nec
619 3382 752 3442 laudari.
805 3383 896 3442 Deus
927 3381 1013 3441 enim
1046 3382 1111 3443 erit

346 3497 474 3540 merces
497 3497 620 3539 eorum.
655 3479 738 3539 Nam
762 3497 834 3540 raro
854 3479 933 3539 mihi
957 3479 1032 3539 talis
1055 3497 1111 3540 oc·

346 3577 457 3650 currit,
479 3576 533 3652 qui
557 3577 596 3636 de
619 3577 750 3652 proprio
766 3577 884 3638 damno
906 3594 971 3638 non
988 3578 1112 3640 doluit:

347 3675 398 3734 vel
421 3675 461 3733 de
484 3674 631 3749 proximo
654 3692 714 3734 suo
737 3692 802 3734 non
825 3684 876 3734 est
894 3684 1112 3750 conquestus,

346 3772 579 3831 Verumtamen
611 3771 638 3830 si
668 3782 718 3831 est
747 3772 864 3832 alicubi
897 3789 958 3847 pax
990 3772 1023 3831 in
1047 3775 1112 3836 hac

707 3876 746 3917 ns
