2692 4659
344 607 505 660 mm
533 604 696 648 sermones
712 605 752 648 no
769 604 918 648 uovlc1os
943 606 1108 658 ww

345 741 451 817 rigore
470 740 661 817 disciplinae
678 751 710 800 et
724 756 835 800 amore
851 739 1003 814 iustitiae,
1025 739 1109 799 scri·

344 839 463 899 bentur
493 838 525 897 in
558 838 640 898 libro
669 838 771 898 vitae:
803 837 879 897 licet
910 837 1108 914 quandoque

345 953 420 996 caro
442 944 661 995 remurmuret
684 952 724 996 ex
744 935 924 1012 fragilitate.
956 935 1055 1012 Quod
1078 936 1106 994 si

345 1033 1109 1110 diabolusvoscommovetaliquaindignatione,

324 1140 399 1190 saut
433 1148 531 1206 prava
561 1130 751 1206 suspicione
783 1140 895 1190 contra
926 1130 1107 1206 praelatum

346 1227 529 1302 iubentem,
561 1228 612 1286 vel
644 1227 776 1287 fratrem
807 1245 873 1287 non
901 1228 985 1287 bene
1009 1244 1108 1304 agen·

345 1334 428 1399 tem,
449 1325 502 1384 vel
525 1326 609 1384 male
632 1325 839 1402 loquentem3
869 1343 934 1386 non
964 1325 1037 1385 ideo
1060 1325 1107 1385 di-

345 1422 479 1482 mittatis
501 1423 622 1482 bonum
646 1422 830 1499 inceptum:
860 1423 918 1482 sed
941 1422 1044 1499 magis
1066 1423 1106 1483 ad

346 1520 504 1578 honorem
528 1519 589 1579 Dei
621 1528 652 1578 et
683 1519 941 1579 aedificationem
966 1520 1107 1595 proximi

312 1616 492 1691 roperficite
508 1617 594 1693 quod
610 1616 791 1693 incepistis.
821 1616 912 1678 Tunc
929 1617 1016 1678 enim
1033 1634 1108 1693 pes·

345 1713 449 1773 simus
472 1713 641 1773 insidiator
663 1724 696 1773 et
718 1713 891 1790 impeditor
906 1714 1013 1774 omnis
1027 1715 1106 1775 boni

345 1811 494 1871 diabolus
516 1811 619 1887 fugiet
641 1811 705 1871 cito
728 1830 746 1871 a
767 1812 880 1872 vobis:
910 1829 983 1872 cum
1007 1812 1109 1874 luerit

346 1918 552 1985 contemptus
583 1920 615 1969 et
645 1926 711 1968 non
744 1909 883 1970 auditus.
935 1909 1107 1987 Siquidem

346 2018 462 2068 cuncta
484 2008 556 2067 eius
571 2007 719 2067 susurria
741 2008 781 2067 de
797 2009 918 2068 mundo
941 2009 1109 2084 decarne,

313 2128 337 2168 15
346 2106 386 2165 de
408 2105 531 2166 divitiis
553 2106 593 2165 de
614 2106 718 2182 gloria
739 2116 885 2166 terrena:
911 2108 1007 2182 plena
1028 2116 1108 2167 sunt

346 2220 474 2263 veneno
500 2213 531 2263 et
555 2203 690 2264 fallacia.
734 2204 830 2264 lllulti
854 2204 887 2264 in
917 2203 1011 2264 senio
1041 2203 1106 2263 iam

345 2301 517 2376 plangunt:
549 2301 626 2377 quia
656 2301 691 2361 in
723 2302 892 2361 iuventute
922 2311 986 2361 tam
1017 2300 1108 2361 fatue

346 2408 499 2474 egerunt,
535 2408 567 2458 et
598 2400 705 2459 Deum
742 2399 959 2459 offenderunt.
1016 2397 1108 2458 State

346 2513 423 2571 ergo
454 2505 485 2555 et
516 2505 656 2572 pugnate
688 2513 746 2571 pro
778 2496 885 2555 anima
913 2505 1040 2555 vestra:
1072 2496 1107 2555 in

309 2594 504 2670 zoreligione
526 2604 558 2655 et
580 2593 832 2669 congregatione
848 2604 969 2653 sancta.
1001 2592 1107 2669 Quid·

346 2690 423 2767 quid
446 2691 532 2751 enim
556 2691 631 2750 mali
654 2691 801 2767 patimini
825 2691 858 2750 in
886 2690 1051 2750 laboribus
1074 2702 1107 2750 et

346 2788 527 2860 doloribus,
556 2788 589 2848 in
612 2789 774 2848 caloribus
797 2799 828 2847 et
851 2787 1043 2864 frigoribus,
1072 2786 1106 2846 in

346 2885 466 2961 vigiliis
489 2895 520 2945 et
542 2886 685 2960 ieiuniis,
707 2886 740 2945 in
763 2884 969 2945 abstinentiis
997 2901 1016 2943 a
1038 2901 1108 2943 car·

346 2982 443 3042 nibus
472 2992 504 3042 et
532 2982 721 3058 lacticiniis,
751 2982 783 3042 in
814 2982 957 3042 carentia
979 2980 1046 3039 vini
1074 2991 1107 3041 et

310 3092 442 3156 zspotus
464 3079 611 3139 melioris
633 3097 691 3155 pro
712 3078 800 3138 vitiis
823 3078 1052 3156 extinguendis
1074 3087 1107 3138 et

347 3176 522 3235 virtutibus
544 3175 769 3252 acquirendis3
799 3176 860 3235 hoc
889 3185 990 3236 totum
1019 3192 1107 3235 com·

347 3273 513 3349 putabitur
543 3273 636 3332 vobis
668 3290 726 3348 pro
758 3273 908 3332 maximis
939 3273 1040 3333 lucris
1075 3283 1107 3333 et

347 3370 501 3445 praemiis
530 3370 563 3429 in
593 3387 695 3447 regno
718 3370 861 3432 Christi:
891 3386 991 3446 super
1019 3370 1109 3431 milia

347 3467 417 3526 auri
449 3477 480 3526 et
512 3468 653 3543 argenti,
685 3479 717 3527 et
748 3467 856 3527 omnia
878 3468 1107 3529 desiderabilia

311 3564 471 3633 30mundi.
514 3564 602 3641 Quid
625 3564 712 3624 enim
736 3565 882 3641 dignius3
910 3582 1006 3640 quam
1030 3582 1105 3625 esse

348 3662 487 3722 amicum
505 3661 595 3722 Dei?
627 3662 715 3739 Quid
739 3662 885 3738 felicius3
907 3680 1003 3739 quam
1020 3680 1105 3723 com-

708 3768 745 3809 raa
