2692 4659
361 684 522 737 ww
538 683 607 727 vm
623 683 788 728 LIDEWIGIS
803 682 942 727 VIRGINIS
958 682 1113 736 ww

549 877 690 925 PRIMVM
708 876 932 926 MIRACVLVM.

362 957 518 1176 ffiust
533 1014 566 1073 in
582 1013 713 1074 civitate
725 1012 906 1089 Delphensi
918 1013 1010 1090 virgo
1024 1030 1114 1089 quae·

491 1114 564 1173 dam
587 1129 670 1189 quae
687 1121 759 1171 octo
776 1111 870 1171 annis
886 1111 1042 1172 continue
1057 1111 1114 1169 lec·

361 1218 430 1269 tum
461 1220 579 1271 tenens
613 1208 756 1286 graviter
785 1209 973 1286 aegrotavit.
1027 1209 1114 1269 Hanc

339 1316 502 1383 squatuor
529 1306 675 1383 magistri
704 1307 738 1366 in
760 1308 923 1368 medicina
947 1307 1060 1384 periti,
1086 1316 1115 1366 et

364 1404 479 1464 famosi
510 1403 668 1463 nominati
697 1403 888 1464 visitabant:
919 1414 951 1464 et
980 1406 1115 1464 humana

362 1502 482 1577 pietate
503 1500 653 1578 permoti,
676 1500 779 1577 magis
800 1510 908 1560 autem
930 1519 1043 1562 amore
1058 1499 1113 1561 Dei

362 1599 504 1674 inducti,
534 1615 730 1658 succurrere
759 1598 788 1657 ei
819 1598 1003 1675 cupiebant.
1047 1600 1115 1658 Erat

362 1708 470 1757 autem
493 1696 660 1773 aegritudo
681 1696 778 1755 istius
793 1696 930 1771 virginis
944 1695 1115 1773 praedictis

328 1795 425 1853 roiam
448 1793 612 1871 magistris
641 1793 775 1853 omnino
802 1794 945 1853 occulta:
975 1812 1037 1855 nec
1066 1792 1116 1853 ali·

362 1893 436 1969 quis
447 1909 561 1951 eorum
571 1901 697 1965 poterat
708 1892 784 1951 dare
795 1892 926 1968 aliquod
938 1891 1116 1951 remedium

362 1991 448 2066 quod
478 1990 582 2065 potuit
611 1989 788 2066 aegrotanti
818 1990 987 2065 prodesse.
1034 1989 1118 2049 Inter

362 2105 445 2165 quos
474 2105 560 2147 unus
589 2088 836 2164 magistrorum,
864 2087 1022 2164 magister
1044 2086 1117 2146 Wil-

362 2186 493 2246 helmus
517 2186 745 2260 Sonderdanc,
773 2186 887 2245 doctor
907 2186 1118 2262 approbatus:

328 2284 500 2343 rsmultum
517 2283 692 2358 admiranS,
707 2283 787 2342 dixit
797 2282 914 2360 virgini
926 2283 1118 2359 praedictae.

363 2380 410 2439 Tu
427 2381 571 2440 nondum
588 2391 677 2441 tanto
693 2391 839 2458 tempore
852 2399 947 2457 passa
963 2399 1001 2441 es
1016 2391 1119 2441 tantos

363 2479 494 2537 dolores
523 2479 609 2539 sicut
632 2478 709 2538 felix
739 2480 793 2538 illa
817 2480 908 2557 virgo
932 2478 1119 2556 Lidewigis:

362 2586 494 2652 propter
516 2577 610 2636 cuius
632 2577 748 2636 merita
772 2577 835 2637 iam
859 2578 1023 2637 Dominus
1047 2576 1119 2637 facit

362 2677 463 2736 multa
478 2676 633 2735 miracula
648 2676 682 2735 in
699 2676 843 2751 partibus
858 2675 992 2736 nostris.
1021 2674 1118 2750 Virgo

325 2788 353 2829 20
362 2774 459 2849 igitur
481 2783 651 2849 aegrotans
666 2775 748 2833 haec
764 2774 910 2849 audiens,
933 2791 973 2833 cx
992 2772 1118 2849 propria

362 2871 537 2931 devotione
558 2881 612 2930 aut
634 2871 743 2946 potius
768 2871 878 2931 divina
906 2870 1117 2946 inspiratione

362 2986 517 3043 accensa3
549 2969 627 3045 legit
657 2979 705 3028 tot
735 2968 901 3028 orationes
931 2968 1117 3029 Dominicas

363 3067 460 3125 Pater
474 3076 587 3125 noster
608 3066 787 3143 vulgariter
808 3066 921 3139 dictas,
943 3076 1023 3141 quot
1046 3074 1117 3125 sunt

362 3164 507 3223 membra
522 3164 555 3222 in
572 3181 709 3239 corpore
725 3162 884 3223 hominis:
904 3162 944 3222 ad
960 3163 1114 3222 honorem

324 3262 424 3321 asDci
447 3271 478 3321 et
500 3261 595 3321 istius
623 3272 754 3321 sanctae
778 3258 951 3336 Lidevigis
973 3259 1113 3336 virginis.

362 3359 508 3434 Contigit
530 3375 607 3434 ergo
629 3359 802 3433 posthaec
823 3356 909 3433 quod
933 3356 1013 3416 felix
1029 3356 1113 3416 Lide·

361 3456 453 3532 wigis
475 3456 566 3531 virgo
582 3442 778 3530 apparen'ter
793 3453 938 3513 visitavit
959 3454 1110 3530 virginem

361 3553 589 3629 languentem,
625 3554 731 3613 dando
763 3552 793 3612 ei
827 3551 1011 3612 remedium
1042 3549 1110 3610 artis

361 3650 561 3727 medicinae3
590 3660 622 3710 et
644 3651 806 3711 veraciter
828 3659 954 3725 curata,
979 3645 1109 3709 surrexit

324 3765 455 3808 aosana:
477 3749 657 3825 ambulans,
680 3749 868 3822 comedens,
890 3765 927 3810 ac
949 3763 1047 3823 opera
1066 3758 1105 3803 sa·

717 3854 759 3895 rso
