2692 4659
236 616 813 696 Qfflffiffixvnssm·
909 662 914 683 ‚
988 661 994 683 ‚

238 788 289 837 est
300 786 332 837 et
343 776 500 836 terribilis
512 777 595 836 male
611 785 643 837 et
657 777 869 854 neglegenter
879 778 999 854 agenti-

238 877 310 935 bus.
355 875 466 934 Nolite
495 891 572 951 ergo
601 874 732 951 gloriari
762 875 795 935 in
825 876 947 937 malitia
968 888 1000 938 et

238 971 387 1047 nequitia
409 972 483 1031 elati
508 972 616 1032 cordis
645 972 764 1032 vestri:
793 974 877 1034 sicut
905 975 998 1035 multi

240 1070 318 1129 latui
344 1069 485 1144 faciunt3
508 1070 563 1146 qui
580 1071 647 1130 luto
669 1070 829 1146 inquinati
846 1089 911 1131 non
927 1088 999 1131 eru·

239 1169 395 1226 bescunt:
418 1168 476 1227 sed
492 1167 588 1227 etiam
604 1168 643 1227 ab
664 1167 737 1228 aliis
758 1168 856 1228 derisi
880 1168 1023 1228 lactan-5

240 1277 292 1327 tur
314 1276 347 1327 et
369 1267 486 1327 rident.
531 1267 649 1327 Levate
672 1268 786 1327 oculos
809 1277 938 1326 vestros
960 1267 999 1326 ad

239 1366 384 1439 caelum,
413 1373 446 1424 et
474 1366 663 1440 angelorum
694 1363 881 1440 dignitatem
912 1365 998 1440 puri·

239 1474 337 1523 tatem
354 1479 391 1522 ac
407 1480 568 1522 summam
581 1462 815 1523 beatitudinem
829 1462 998 1537 respicite:

240 1561 293 1636 qui
316 1578 384 1620 non
407 1569 569 1637 quaerunt
597 1561 726 1620 laudem
751 1560 914 1636 propriam
937 1578 998 1620 nec

241 1660 378 1719 alienam
391 1659 538 1734 gloriam,
553 1659 611 1718 sed
623 1658 685 1718 Dei
697 1658 843 1735 gloriam,
854 1668 886 1717 et
896 1659 997 1717 hono·
1009 1674 1033 1714 10

241 1774 306 1816 rem
331 1766 363 1817 et
385 1756 555 1831 decorem3
584 1774 689 1833 aquo
712 1756 860 1816 conditos
885 1772 921 1815 se
944 1772 996 1814 co-

243 1864 410 1930 gnoscunt,
432 1853 465 1914 in
488 1871 552 1930 quo
575 1864 607 1913 et
626 1853 768 1914 invicem
791 1871 827 1913 se
843 1853 995 1929 diligunt:

245 1969 277 2010 ac
297 1962 401 2011 totum
424 1952 454 2010 ei
483 1951 668 2027 gratissime
697 1952 880 2025 ascribunt,
909 1953 995 2028 quod

247 2048 411 2122 potissime
426 2048 515 2107 abeo
527 2058 732 2124 acceperunt.
756 2048 789 2109 Si
801 2066 878 2125 ergo
889 2050 994 2125 angeli

248 2144 343 2205 sancti
358 2144 503 2205 humiles
525 2156 601 2206 sunt
623 2155 655 2206 et
669 2147 749 2222 grati
767 2148 837 2207 Deo
853 2146 886 2205 in
909 2156 996 2207 tanta
1008 2165 1033 2205 15

250 2242 455 2303 sublimitate:
478 2252 598 2318 quanto
618 2243 722 2319 magis
737 2246 835 2303 homo
851 2246 996 2305 mortalis

250 2348 274 2397 et
286 2348 438 2415 peccator
453 2340 626 2399 humiliare
642 2358 679 2399 se
695 2341 800 2415 debet,
818 2350 850 2401 et
865 2359 996 2401 omnem

229 2451 353 2498 .vanam
376 2437 512 2513 gloriam
535 2437 688 2498 refutare.
726 2439 825 2497 Disce
843 2438 944 2498 miser
965 2450 997 2500 et

250 2536 380 2610 superbe
395 2553 461 2595 non
478 2537 577 2596 altum
593 2554 725 2613 sapere:
743 2538 801 2598 sed
817 2538 996 2598 humilibus

249 2634 1032 2713 cordeetoreconsentire3utinveniasgratiamno

248 2746 346 2791 coram
364 2732 436 2791 Deo
451 2742 483 2791 et
498 2732 639 2808 angelis:
660 2750 757 2809 quam
773 2735 847 2794 elati
864 2735 994 2811 assequi

246 2838 416 2905 nequeunt,
438 2837 470 2889 et
489 2847 531 2889 ne
546 2832 664 2906 perdas
679 2842 844 2891 aeternam
859 2833 994 2909 gloriam

244 2924 388 3002 incaelo,
410 2944 506 3003 quam
523 2929 597 2989 mali
614 2929 719 3005 angeli
736 2947 795 3005 per
809 2932 994 3006 superbiam

243 3025 458 3099 perdiderunt.
511 3026 611 3086 Stude
642 3027 704 3086 soli
737 3028 808 3087 Deo
841 3028 874 3088 in
906 3029 994 3088 omni

242 3138 335 3197 opere
344 3124 431 3183 bono
440 3124 525 3183 velle
536 3125 679 3199 placere:
691 3135 722 3185 et
733 3126 821 3186 omni
833 3128 995 3185 humanae
1004 3142 1031 3183 25

240 3230 404 3281 creaturae
421 3230 553 3297 propter
568 3222 674 3281 Deum
690 3233 722 3283 te
738 3223 907 3299 subicere3
929 3241 995 3282 ma-

239 3317 360 3379 ioribus
390 3319 564 3394 oboedire,
594 3320 776 3380 minoribus
808 3322 995 3397 subvenire,

238 3417 388 3477 omnibus
424 3417 641 3477 reverentiam
676 3418 848 3479 exhibere:
885 3437 993 3480 mores

236 3513 440 3574 intirmorum
463 3523 496 3574 et
517 3531 748 3589 perversorum
771 3517 824 3592 pie
844 3518 993 3578 tolerare.

235 3610 268 3670 Si
290 3612 426 3688 quaeris
447 3612 583 3688 salvari,
609 3614 637 3673 si
660 3624 752 3690 optas
774 3615 862 3674 beari
886 3626 918 3676 et
940 3634 1030 3676 ex-ao

235 3708 342 3768 altari:
376 3724 519 3783 sequere
547 3711 705 3771 humilem
738 3711 929 3789 Christum,
960 3724 992 3773 et

595 3814 633 3855 nr
