2692 4659
235 837 337 897 redde
368 837 507 897 truiator
540 837 626 914 quod
662 837 773 898 debes.
826 838 890 899 Sed
921 856 995 898 cum

235 952 302 995 non
325 934 552 1012 acquiesceret
574 935 780 995 exactoribus
808 935 894 996 suis:
924 936 995 996 irati

236 1033 336 1094 nimis
358 1032 571 1093 reddiderunt
593 1033 623 1094 ei
643 1034 744 1093 multa
765 1034 846 1094 dura
860 1034 997 1094 verbera

236 1147 296 1206 pro
322 1130 467 1191 denariis
495 1131 618 1208 paucis.
660 1133 802 1192 Demum
829 1141 996 1208 resumpto

237 1227 371 1303 spiritu:
394 1247 412 1288 a
433 1227 627 1305 quibusdam
650 1230 682 1289 in
699 1230 852 1307 oppidum
875 1239 926 1289 est
947 1244 1020 1289 re-s

237 1326 366 1386 ductus.
410 1327 578 1388 Mandavit
599 1344 676 1405 ergo
694 1327 821 1388 devotis
844 1327 997 1388 iratribus

238 1424 388 1501 patriotis
409 1426 480 1485 suis
502 1426 680 1486 obsecrans
710 1425 863 1501 precibus
885 1426 997 1487 multis

238 1531 273 1582 ut
295 1539 371 1583 eum
394 1523 564 1584 visitarent
584 1533 752 1600 gravatum
773 1524 997 1601 languoribus:

238 1621 381 1681 recitans
410 1638 519 1682 coram
550 1621 600 1681 eis
628 1621 796 1681 historiam
829 1638 908 1682 suae
939 1622 998 1682 mi·

238 1735 333 1779 serae
349 1718 523 1795 passionis.
552 1719 657 1779 Versa
675 1719 762 1779 enim
785 1730 854 1780 erat
876 1719 1034 1779 citharam

239 1817 424 1877 mundanae
439 1816 686 1877 ludificationis:
709 1817 742 1877 in
764 1818 886 1878 luctum
910 1835 998 1879 acer·

239 1916 342 1976 rimae
371 1914 571 1975 afflictionis.
614 1915 745 1991 Quibus
774 1916 893 1977 auditis
921 1918 998 1977 visi-

238 2022 306 2074 tant
342 2022 510 2090 aegrotum
541 2013 685 2073 benivoli
723 2013 839 2074 iratres
870 2031 998 2091 compa·

238 2112 351 2171 tiendo
373 2110 501 2171 animae
523 2110 679 2187 aiilictae3
700 2110 870 2188 increpant
889 2123 996 2173 tamen

237 2209 367 2270 seriose
389 2226 564 2269 erroneum
593 2227 651 2285 pro
681 2210 824 2270 admisso
855 2211 1035 2271 scelerezrs

238 2307 390 2367 dicentes
422 2306 517 2383 digna
548 2324 623 2367 eum
655 2308 822 2384 recepisse
853 2309 999 2383 verbera,

237 2405 330 2465 iuxta
351 2404 408 2465 illa
429 2405 618 2482 evangelica
640 2405 772 2466 Domini
795 2406 904 2466 verba.
941 2406 998 2466 Exi

237 2503 305 2563 cito
328 2502 361 2561 in
382 2501 452 2562 vias
468 2511 500 2562 et
514 2520 631 2579 saepes
646 2513 679 2563 et
694 2504 853 2579 compelle
869 2503 999 2565 intrare.

238 2600 274 2660 Si
299 2600 388 2660 enim
411 2599 563 2677 inquiunt
585 2601 618 2660 in
638 2601 889 2677 congregatione
911 2618 999 2661 man·

238 2698 362 2758 sisses:
384 2707 431 2758 tot
452 2699 562 2775 plagas
584 2715 649 2758 non
672 2699 866 2775 recepisses.
908 2698 1035 2758 Tuncao

239 2796 380 2856 multum
404 2795 640 2873 ingemiscens:
663 2796 823 2857 fatebatur
844 2797 941 2857 stulte
963 2813 999 2855 se

239 2894 350 2970 egisse
366 2903 399 2954 et
413 2910 578 2970 peccasse.
609 2894 732 2953 Idcirco
748 2893 853 2970 inquit
874 2894 902 2954 si
925 2911 1000 2954 con·

239 2993 392 3052 valuero:
423 2992 551 3051 favente
575 2991 727 3066 Domino,
750 3009 803 3051 me
825 2992 1000 3052 emendare

240 3107 399 3167 propono.
432 3089 527 3149 Multi
550 3098 658 3149 autem
682 3105 722 3147 ex
745 3088 897 3149 iratribus
919 3091 999 3149 haec

241 3187 422 3248 infortunia
436 3187 608 3248 audientes
622 3187 740 3248 timore
751 3187 891 3263 correpti
907 3197 999 3248 sunt:
1009 3206 1036 3246 25

240 3296 273 3346 et
297 3284 536 3345 constantiores
558 3285 666 3345 effecti
694 3284 727 3345 in
754 3285 872 3345 melius
894 3284 1001 3360 proie-

241 3391 358 3443 cerunt
380 3382 469 3442 iuxta
491 3381 570 3442 illud
594 3382 788 3443 Salomonis.
821 3382 1000 3443 Pestilente

242 3479 420 3556 flagellato:
443 3480 562 3539 stultus
577 3479 755 3555 sapientior
771 3479 841 3539 erit.
871 3480 999 3540 Bonum

241 3587 293 3637 est
315 3594 393 3654 ergo
416 3577 450 3637 in
473 3576 568 3637 domo
592 3594 665 3636 cum
690 3577 843 3637 iratribus
867 3595 1000 3638 manere

242 3686 274 3736 et
290 3694 308 3735 a
322 3676 481 3736 societate
496 3675 654 3735 saeculari
671 3675 851 3751 abstinere3
874 3685 905 3735 et
927 3675 1034 3738 sineao

243 3773 382 3834 consilio
394 3773 528 3849 praelati
537 3773 582 3832 nil
591 3783 796 3850 attemptare:
808 3791 867 3833 nec
877 3774 998 3834 exitum

613 3878 638 3920 ro
862 3878 892 3919 2·
