2692 4659
256 706 577 758 ammana
596 706 673 748 xxvn
694 707 1015 759 mammazas

256 840 310 899 iiu
341 838 577 915 requieverunt
598 840 637 899 ad
659 840 721 899 Dei
744 840 872 901 laudem
896 850 928 901 et
948 840 1014 917 glo-

256 938 348 998 riam.
392 938 490 1014 Quod
519 937 619 998 frater
646 938 784 998 audiens
806 938 943 998 laetatus
965 947 1016 998 est

256 1046 286 1095 et
302 1035 507 1094 consolatus:
523 1044 699 1111 expectans
714 1035 939 1095 honorabilem
953 1035 1014 1095 sibi

256 1132 401 1192 iaculum
438 1133 722 1207 praesentandum.
770 1134 845 1210 Quo
880 1133 952 1193 viso
984 1143 1016 1193 et

256 1239 386 1306 apert03
408 1230 577 1290 inclinavit
598 1247 634 1290 se
657 1239 848 1290 reverenter
869 1239 901 1290 et
922 1247 1039 1291 osen-5

256 1330 328 1388 lans
352 1337 501 1388 sanctum
524 1328 700 1403 scrinium,
724 1328 900 1389 intromisit
922 1339 1017 1404 caput

256 1444 355 1486 suum
378 1426 597 1487 confidenter:
620 1443 758 1503 sperans
780 1427 841 1486 sibi
860 1428 1015 1487 auxilium

256 1523 385 1584 meritis
396 1535 527 1586 sanctae
538 1524 676 1603 Agnetis
687 1526 863 1586 affuturum
875 1525 1016 1585 inhaesi-

256 1632 372 1683 tanter.
412 1623 475 1682 His
496 1623 594 1700 igitur
616 1624 697 1684 actis
719 1623 876 1683 maximas
897 1624 1017 1701 gratias

256 1720 323 1798 egit
340 1720 411 1781 Deo
434 1731 467 1781 et
488 1732 619 1783 sanctae
634 1720 752 1798 Agneti
773 1721 907 1798 virgini:
930 1721 1016 1798 quod
1029 1739 1053 1779 ιο
1069 1722 1072 1730 “

258 1818 445 1894 patentibus
468 1820 572 1879 oculis
594 1820 664 1879 suis
682 1820 763 1879 haec
779 1819 955 1879 meruisset
969 1819 1016 1878 in-

260 1918 354 1978 tueri.
399 1918 464 1995 Qui
492 1936 532 1979 ex
553 1919 616 1977 hoc
638 1927 785 1994 tempore
808 1928 840 1978 et
861 1917 1017 1994 deinceps

266 2032 282 2073 a
309 2015 458 2092 pristinis
487 2014 653 2075 doloribus
682 2015 846 2076 relevatus
875 2025 925 2075 est
952 2032 1016 2074 non

267 2113 368 2173 solum
399 2113 433 2172 in
466 2129 618 2188 corpore:
650 2114 709 2173 sed
740 2113 836 2173 etiam
868 2113 1016 2190 ampliori

270 2209 437 2271 devotione
458 2210 597 2287 profecit
618 2209 651 2269 in
675 2221 801 2287 mente3
826 2222 922 2289 atque
945 2212 1054 2272 reli-1⁵

271 2323 362 2383 quum
385 2309 471 2369 vitae
487 2326 566 2369 suae
582 2320 712 2385 tempus
727 2310 869 2369 iucunda
883 2320 915 2370 et
931 2309 1017 2369 felici

272 2419 364 2481 agone
379 2406 412 2466 in
430 2407 560 2467 fervore
576 2407 711 2483 spiritus
726 2409 810 2468 bene
822 2407 1017 2467 terminavit.

584 2646 702 2696 ALIVD.

281 2744 367 2946 QX
373 2800 439 2860 lius
454 2800 584 2877 quidam
608 2800 708 2860 frater
730 2817 803 2859 cum
824 2800 856 2860 in
873 2800 1018 2876 profesto

299 2874 367 2928 Ψ
393 2907 525 2957 sanctae
561 2897 698 2973 Agnetis
733 2897 772 2956 ad
808 2898 1056 2959 refectoriumao

280 2984 413 3069 legisset3
433 2994 550 3054 accidit
565 2994 595 3053 ei
611 2994 789 3069 improvise
805 2995 891 3071 quod
906 3004 1019 3071 postea

282 3087 356 3151 solus
371 3092 549 3152 comedens
565 3110 602 3153 os
613 3092 714 3169 piscis
729 3092 762 3152 in
779 3109 835 3152 ore
851 3091 923 3151 eius
936 3093 1019 3152 fran-

283 3194 395 3253 geretur
423 3197 455 3249 et
484 3190 589 3265 palato
624 3200 689 3250 tam
719 3189 781 3249 fixe
816 3189 1018 3249 inhaereret:

284 3285 352 3351 quod
366 3303 504 3346 acumen
527 3286 598 3347 eius
613 3304 675 3347 nec
698 3288 868 3347 extrahere
883 3304 944 3347 nec
967 3304 1019 3347 ex-

285 3389 367 3447 puere
392 3394 470 3445 tunc
496 3385 628 3444 valeret.
664 3385 873 3461 Quapropter
901 3384 1056 3445 contri-2⁵

286 3480 370 3541 status
389 3483 495 3557 valde,
524 3491 556 3541 et
577 3482 697 3541 timens
724 3483 906 3559 periculum
928 3482 1020 3541 vocis

287 3582 317 3629 ex
328 3576 381 3639 hac
395 3580 541 3641 laesione
556 3578 618 3637 sibi
633 3578 823 3639 imminere:
839 3579 1021 3655 expectavit

288 3670 426 3738 patienter
452 3679 566 3738 horam
588 3678 808 3754 vespertinam
838 3678 878 3738 de
909 3686 1020 3737 sancta

290 3759 394 3842 Agnete
407 3776 611 3837 sollemniter
619 3776 652 3835 in
666 3778 766 3836 choro
775 3775 1019 3836 decantandam.

624 3880 662 3922 271
