2692 4659
272 692 1033 745 emseaseasrewomsarazorosoroao

274 825 433 903 patientia
448 825 691 886 tribulationum
708 842 857 885 suarum:
880 842 961 901 quas
984 842 1035 885 co·

275 923 357 985 tidie
379 923 569 1000 patiebatur.
600 923 663 984 Cui
687 923 742 982 illa
757 924 934 999 respondit,
956 924 1035 983 satis

276 1021 450 1082 excessive
472 1032 504 1081 et
526 1039 624 1097 supra
645 1020 734 1081 vires
750 1038 827 1081 suas
842 1037 879 1080 se
894 1020 1035 1097 gravari;

276 1129 309 1180 et
325 1118 389 1179 nisi
405 1120 479 1195 pius
493 1119 655 1179 Dominus
670 1120 786 1179 baculo
802 1118 1035 1179 consolationis

276 1234 350 1277 eam
374 1225 587 1277 sustentaret:
612 1217 766 1277 facillime
782 1217 842 1276 sub
858 1233 958 1277 onere
980 1217 1057 1276 dos

276 1317 385 1375 lorum
414 1316 554 1375 deiicere
583 1324 704 1390 posset.
749 1313 865 1376 Aiebat
893 1331 1034 1391 namque

276 1412 390 1473 divina
409 1413 633 1473 misericordia
647 1413 814 1488 affluente,
836 1414 929 1490 quasi
945 1414 1033 1473 omni

276 1521 375 1572 nocte
396 1529 455 1588 per
482 1513 609 1589 longam
633 1513 791 1572 morulam
815 1511 913 1572 unius
935 1513 1034 1572 horae

276 1610 331 1668 vel
355 1609 494 1685 amplius
516 1626 552 1669 se
577 1610 645 1686 rapi
675 1611 713 1670 ad
739 1609 892 1669 caelestia
920 1604 1034 1685 specu·

277 1707 390 1783 landa3
412 1724 550 1784 quorum
573 1707 701 1767 deliciis
719 1718 887 1783 tantopere
910 1707 1070 1767 reficie-ro

276 1806 388 1879 batur,
417 1805 503 1881 quod
525 1822 590 1865 non
613 1806 720 1865 solum
750 1804 810 1864 sibi
841 1805 1034 1865 tolerabilis:

275 1904 456 1965 sedetiam
486 1904 650 1979 quaelibet
680 1904 884 1964 amarissima
912 1912 1035 1964 tortura

275 2002 481 2063 delectabilis
492 2001 705 2062 efficiebatur.
731 2002 1034 2078 Rapiebaturetiam

276 2101 318 2160 ad
341 2101 412 2159 loca
426 2099 611 2176 purgatoria
626 2108 658 2159 et
672 2099 846 2159 iniemalia
860 2109 1035 2175 tormenta3

277 2207 314 2258 ut
336 2197 477 2257 videndo
506 2197 638 2257 horrida
659 2197 835 2273 supplicia,
860 2197 1071 2272 patientiusrs

276 2294 458 2354 sustineret
486 2294 670 2370 praesentia
699 2295 841 2371 flagella:
870 2304 966 2371 atque
988 2295 1035 2355 in-

275 2393 357 2452 time
383 2392 609 2469 compatiendo
636 2394 776 2453 libenter
804 2393 1034 2469 paenitentiam

275 2499 399 2567 ageret,
418 2507 476 2567 pro
491 2492 544 2551 his
559 2492 614 2567 qui
631 2491 823 2551 liberatione
839 2492 1035 2568 indigebant.

278 2589 316 2648 In
345 2588 532 2649 huiusmodi
563 2599 595 2648 et
616 2589 689 2648 aliis
717 2589 868 2648 felicibus
891 2592 1035 2666 raptibus

276 2689 348 2748 fere
385 2696 587 2763 xquuatuor
624 2687 720 2747 annis
757 2687 789 2747 in
826 2688 944 2748 lectulo
981 2689 1071 2749 do-ao

276 2785 359 2846 loris
381 2785 542 2844 recubans
563 2784 694 2844 visitata
716 2785 776 2845 fuit
805 2795 836 2844 et
863 2786 896 2844 in
919 2786 1034 2861 spiritu

276 2883 493 2943 confortataz·
512 2883 611 2942 certis
646 2892 754 2943 tamen
791 2900 830 2942 ex
861 2883 970 2942 causis
1002 2893 1036 2943 ut

276 2982 460 3058 praefatum
484 2992 550 3055 est,
579 2981 700 3041 divinis
729 2981 874 3057 raptibus
903 2981 1035 3057 privata.

278 3080 316 3139 In
344 3079 457 3138 multis
485 3080 627 3156 denique
655 3079 758 3157 gestis
787 3078 857 3139 suis
881 3096 940 3155 per
961 3097 1036 3139 con·

275 3176 396 3238 trarios
418 3186 557 3237 eventus
574 3178 665 3237 Deus
687 3195 758 3237 eam
782 3178 923 3253 probans
938 3195 1072 3255 saepezs

276 3275 479 3336 humiliavit:
502 3286 534 3336 et
556 3276 670 3335 crebro
693 3276 831 3336 visitans
853 3277 950 3337 altius
972 3277 1036 3336 ele·

277 3374 376 3435 vavit.
412 3375 538 3434 Horum
561 3374 659 3451 igitur
681 3384 829 3450 raptuum
853 3374 1036 3458 occasione,

277 3472 399 3531 multas
428 3470 586 3530 ecclesias
615 3479 647 3530 et
678 3470 904 3547 religiosorum
928 3489 1037 3532 mona-

276 3568 388 3644 steria,
411 3578 442 3629 et
460 3568 708 3645 dispositionem
725 3571 870 3629 locorum
887 3580 919 3629 et
934 3579 1037 3630 struc-

276 3678 383 3727 turam
400 3666 614 3727 ecclesiarum
631 3669 864 3744 cognoscebat;
879 3685 1072 3743 personasse

277 3781 411 3842 quoque
427 3764 597 3843 religiosas
612 3782 694 3841 quas
709 3782 886 3841 numquam
902 3766 1036 3843 viderat,

637 3870 679 3913 ros
