2692 4659
244 806 323 866 Erat
344 814 452 866 autem
475 807 537 865 hoc
553 806 665 866 vinum
682 808 898 868 rubicundum
914 818 946 870 et
960 809 1004 869 ita

242 904 332 963 bene
347 913 573 980 temperatum,
593 906 679 981 quod
695 923 760 965 non
777 906 913 982 indiguit
929 924 1002 966 cum

242 1018 331 1077 aqua
361 1000 441 1061 illud
472 1002 629 1062 miscere:
664 1004 938 1079 quemadmodum
970 1005 1002 1065 in

242 1098 348 1159 altero
359 1098 435 1158 vino
448 1101 555 1160 iacere
567 1101 747 1162 consuevit.
771 1102 914 1162 Durabat
924 1120 1003 1162 vero

243 1199 309 1257 hoc
330 1197 443 1256 vinum
465 1215 484 1256 a
506 1197 589 1259 festo
613 1199 768 1276 Remigii,
791 1217 895 1275 usque
918 1200 1026 1259 circas

244 1295 1003 1373 festumconceptionisbeataeMariaevirginis

244 1393 323 1469 Quo
352 1402 499 1469 tempore
528 1393 666 1455 intrabat
689 1395 727 1454 ad
751 1412 821 1454 eam
844 1396 1002 1472 quaedam

241 1492 385 1550 honesta
413 1500 559 1550 matrona
587 1490 720 1550 nomine
748 1490 925 1552 Catharina
955 1492 1002 1552 Si·

242 1588 370 1648 monis:
393 1605 476 1664 quae
498 1589 622 1648 solebat
644 1589 673 1648 ei
697 1606 736 1649 ex
757 1588 889 1666 speciali
907 1590 1003 1649 devo·

242 1686 334 1747 tione
350 1685 462 1744 vinum
485 1703 670 1761 procurare.
703 1687 793 1745 Haec
809 1686 919 1762 ignara
934 1704 1002 1764 my·
1014 1704 1038 1744 ιο

241 1783 336 1845 sterii
353 1782 481 1843 devino
496 1784 596 1843 aDeo
609 1784 742 1859 donat03
757 1784 873 1843 volens
884 1784 1002 1844 melius

241 1893 275 1944 et
292 1899 410 1941 recens
421 1881 549 1957 afferre,
564 1883 656 1958 quasi
669 1882 840 1943 fastidiens
851 1882 891 1942 de
903 1882 1002 1942 nimia

239 1987 406 2040 vetustate
443 1979 510 2039 vini
542 1980 630 2039 illius
663 1980 864 2040 remanentis
898 1989 1000 2042 totum

240 2076 376 2137 effudit:
406 2077 506 2137 etsie
528 2094 594 2137 non
617 2087 666 2138 est
689 2078 828 2153 amplius
851 2096 925 2153 usa,
948 2078 1002 2138 illa

240 2174 378 2235 caelesti
387 2174 625 2235 benedictione.
646 2176 782 2236 Dicebat
793 2175 1000 2252 tamenvirgo
1013 2196 1036 2236 ιε

241 2272 430 2349 praedictae
445 2271 643 2333 Catharinae
665 2273 809 2334 amatrici
832 2290 911 2333 suae
927 2283 1000 2334 ante

239 2369 440 2431 effusionem
470 2370 554 2446 vini,
585 2372 647 2430 hoc
676 2371 788 2430 vinum
818 2389 893 2431 esse
922 2371 1001 2431 satis

239 2467 446 2528 conveniens
461 2478 492 2528 et
508 2468 661 2528 sufficere
677 2468 754 2528 sibi:
771 2486 830 2528 nec
846 2486 1000 2545 umquam

236 2564 350 2625 simile
373 2565 464 2641 prius
485 2575 645 2641 gustasse.
679 2566 767 2625 lstud
786 2566 913 2642 signum
930 2584 1000 2643 gra·

237 2663 306 2724 tiae
335 2662 456 2723 factum
486 2673 536 2723 est
558 2664 641 2740 apud
664 2682 734 2724 eam
759 2681 844 2723 anno
867 2665 998 2724 Domini
1009 2684 1036 2725 20

238 2759 418 2819 millesimo
445 2761 767 2838 quadringentesimo
790 2762 999 2823 duodecimo:

237 2877 316 2919 cum
349 2859 454 2919 adhuc
484 2859 516 2919 in
546 2860 748 2920 hebdomada
776 2859 883 2919 media
911 2859 999 2936 pinta

235 2957 308 3017 vini
332 2967 487 3018 uteretur.

273 3118 333 3178 DE
356 3117 552 3179 PECVNIA
577 3118 662 3180 PRO
687 3117 854 3178 FRATRE
878 3119 962 3181 SVO

381 3212 551 3276 SOLVTA
575 3213 625 3274 ET
649 3215 693 3275 IN
718 3215 861 3276 BVRSA
1006 3238 1033 3278 as

452 3309 790 3373 MVLTIPLICATA.

479 3431 686 3481 CAPITVLVM
705 3433 757 3482 XX.

235 3481 411 3699 Q&
446 3542 527 3600 haec
565 3559 650 3602 anno
688 3543 818 3604 Domini
853 3515 995 3602 dibeo}-

369 3638 527 3699 vicesimo
558 3641 653 3701 tertio
684 3642 782 3701 frater
811 3642 908 3701 huius
932 3641 995 3700 vir-

233 3737 323 3814 ginis
345 3737 542 3797 Wilhelmus
566 3738 652 3798 Petri
676 3739 850 3800 defunctus
873 3750 938 3799 est:
963 3750 1031 3799 etse

596 3843 636 3884 357
