2692 4659
374 672 534 724 mm
562 671 725 714 SERMONES
741 672 780 713 ΑΙ)
797 671 947 714 novicios
969 672 1133 725 ἵςᾷζχῐῖᾦῇᾓ

376 807 475 865 ralem
498 821 564 865 non
579 805 719 882 appetit3
734 807 793 866 sed
808 824 906 867 omne
922 808 1130 867 commodum

375 921 433 979 pro
449 920 547 980 posse
557 903 652 963 vitat:
668 914 700 964 et
710 905 900 980 despectum
916 921 975 980 pro
991 905 1130 965 maximo

375 1003 466 1061 lucro
483 1010 618 1077 reputat.
649 1001 738 1062 Dixit
749 1002 881 1078 quidam
893 1003 1045 1063 devotus,
1068 1002 1128 1081 Qui

376 1116 428 1158 me
451 1099 582 1158 laudant
610 1117 710 1177 saepe
732 1100 916 1176 decipiunt3
947 1110 980 1160 et
1002 1101 1059 1177 qui
1082 1118 1128 1161 me
1160 1143 1162 1150 .

353 1197 577 1272 svituperant:
606 1198 728 1257 bonum
760 1196 840 1257 mihi
872 1215 972 1274 saepe
1003 1199 1127 1259 iaciunt
1159 1163 1162 1220 Ψ

377 1296 471 1356 Vnde
508 1294 611 1353 David
648 1304 793 1355 sanctus
817 1306 896 1355 orat.
942 1295 1017 1356 Non
1055 1293 1125 1356 mihi

376 1393 485 1453 veniat
512 1409 571 1468 pes
592 1392 775 1468 superbiae.
805 1393 944 1469 Quare?
977 1394 1022 1453 lbi
1046 1392 1123 1453 enirn

377 1491 566 1551 ceciderunt
581 1489 635 1566 qui
652 1500 828 1566 operantur
843 1490 1064 1567 iniquitatem:
1079 1506 1122 1549 ex·

377 1589 462 1666 pulsi
479 1598 564 1663 sunt,
586 1605 647 1647 nec
662 1597 837 1664 potuerunt
854 1598 950 1650 stare.
981 1590 1019 1649 Et
1034 1603 1121 1665 quare

344 1704 442 1746 innon
464 1695 639 1763 potuerunt
662 1686 775 1746 stare?
802 1686 889 1762 Quia
911 1687 1043 1764 superbi
1065 1687 1120 1746 iue

378 1795 468 1845 runt:
491 1796 523 1844 et
545 1785 614 1844 Deo
636 1783 755 1861 gratias
777 1802 842 1844 non
866 1795 1012 1862 egerunt.
1044 1785 1118 1843 Deus
1160 1818 1162 1858 ÷

378 1883 465 1943 enim
489 1882 640 1958 superbis
663 1882 802 1942 resistit:
825 1882 1006 1943 humilibus
1027 1891 1116 1942 auten

380 1982 432 2040 dat
442 1980 587 2057 gratiam.
617 1980 723 2039 Nemo
735 1980 855 2056 quippe
871 1998 989 2041 secure
1004 1990 1035 2041 et
1049 1980 1116 2039 iuste
1157 1996 1162 2051 3

380 2078 545 2152 laudatur,
575 2077 639 2136 nisi
669 2094 769 2137 verus
800 2077 952 2137 humilis:
985 2077 1035 2137 cui
1066 2089 1117 2136 sor·
1157 2093 1162 2148 ῑ;

347 2176 485 2237 1⁵descit
506 2177 649 2236 mundus
665 2185 697 2235 et
712 2175 820 2236 omnis
833 2175 937 2252 gloria
959 2175 1039 2235 eius.
1067 2166 1115 2247 Qui
1156 2191 1162 2246 ξ

382 2291 458 2350 ergo
480 2273 550 2333 vult
571 2274 655 2333 bene
678 2284 710 2333 et
733 2272 869 2333 firmiter
891 2283 996 2349 stare,
1025 2267 1116 2332 funda·
1156 2303 1162 2356 ,³

382 2381 526 2432 mentum
544 2370 736 2431 humilitatis
752 2380 877 2445 teneat3
900 2372 939 2429 ab
955 2368 1116 2430 humilitate
1156 2403 1162 2440 ·.

382 2486 447 2529 non
476 2469 621 2528 recedat:
651 2477 953 2544 quantumcumque
990 2466 1117 2528 laudatus
1160 2499 1162 2536 3

383 2566 496 2640 fuerit,
532 2576 564 2626 et
599 2567 787 2626 honoratus.
831 2565 986 2627 Caveatis
1022 2566 1118 2625 fratres

344 2681 422 2723 zone
453 2673 554 2723 totum
585 2664 765 2738 praemium
796 2662 917 2723 laboris
938 2662 1037 2724 vestri
1064 2670 1118 2737 per·

380 2763 463 2823 datis
485 2779 543 2839 per
564 2761 751 2837 superbiam
775 2773 807 2821 et
829 2778 945 2821 vanam
968 2759 1118 2821 nominum

380 2860 524 2920 laudem:
547 2876 588 2918 ne
611 2877 685 2919 cum
709 2859 836 2919 diabolo
859 2858 981 2919 cadatis
1003 2858 1035 2918 in
1050 2857 1119 2917 dan·

381 2958 544 3018 nationem
582 2968 613 3017 et
649 2957 757 3032 ignem
794 2966 974 3017 aeternum.
1010 2946 1119 3016 Transit

382 3056 445 3116 cito
481 3065 644 3130 tamquam
683 3055 793 3114 fumus
828 3053 937 3113 omnis
966 3046 1119 3115 delectatio

345 3169 372 3209 25
382 3152 501 3227 carnis,
523 3152 631 3212 omnis
647 3154 754 3212 honor
769 3161 800 3212 et
814 3151 918 3227 gloria
932 3145 1120 3228 temporalisi

383 3251 440 3311 sed
463 3267 528 3310 non
552 3250 615 3309 cito
638 3249 789 3310 transibit
817 3265 924 3324 poena
952 3242 1121 3309 infernalis:

384 3348 484 3407 immo
507 3346 538 3407 in
555 3359 724 3408 aeternum
741 3346 868 3406 durabit
889 3345 977 3422 ignis
999 3346 1053 3405 ille
1073 3336 1123 3402 sul·

385 3448 531 3522 phureus
553 3445 663 3522 impiis
685 3452 906 3521 praeparatus.

272 3572 370 3624 paruus
426 3544 577 3605 Secundo
600 3544 696 3603 debet
718 3543 834 3603 domus
860 3541 989 3603 animae
1012 3542 1126 3601 nostrae

284 3634 361 3675 ‘'mm“
386 3642 506 3701 habere
528 3651 666 3717 quatuor
688 3641 829 3717 parietes
852 3651 961 3701 rectos
977 3651 1010 3701 et
1031 3639 1127 3700 iirm⁰⁵
1160 3649 1162 3656 '

385 3756 515 3799 sursum
546 3748 674 3798 erectos
704 3748 736 3798 et
764 3738 973 3816 coniugat0s3
1009 3755 1072 3799 non
1096 3727 1130 3787 d⁶

740 3842 781 3884 298
