2692 4659
826 690 923 731 ..nt
956 691 996 742 Ψ

238 837 303 898 que
339 820 378 879 ad
415 820 579 881 decimum
622 839 745 882 nonum
782 823 997 899 aegritudinis

238 936 319 978 suae
346 935 466 978 annum
498 919 558 979 luit
580 937 619 979 ex
642 920 770 980 modico
793 930 825 980 et
846 938 943 997 parco
966 932 997 982 et

239 1016 423 1076 incredibili
453 1017 532 1077 satis
554 1017 725 1078 alimento:
757 1036 814 1094 pro
837 1029 997 1079 sustenta-

239 1114 314 1174 culo
357 1124 421 1174 tam
464 1114 663 1189 aegerrimae
698 1114 784 1174 vitae
827 1116 996 1176 humanae.

240 1211 407 1272 Interdum
431 1212 594 1272 modicum
612 1210 827 1288 fragmentum
845 1214 885 1274 de
901 1231 1020 1290 pomos

239 1328 340 1387 supra
362 1309 469 1385 ignem
493 1308 665 1384 calefacto;
688 1309 861 1386 aliquando
884 1329 996 1388 parum

239 1408 335 1486 panis
371 1425 444 1467 cum
488 1407 616 1467 modico
659 1407 801 1468 sorbello
838 1408 997 1468 cervisiae

239 1505 441 1583 spumantis:
453 1505 647 1581 quandoque
659 1522 771 1581 parum
785 1505 890 1565 dulcis
906 1506 998 1567 lactis

238 1604 397 1681 capiebat.
431 1604 606 1680 Postquam
623 1620 701 1663 vero
724 1603 842 1663 talibus
865 1603 909 1663 uti
933 1621 997 1663 non

239 1710 367 1779 poterat
378 1719 455 1777 prae
466 1701 630 1761 debilitate
646 1701 811 1778 corporis;
826 1718 884 1777 per
894 1718 997 1761 annos
1010 1724 1034 1765 io

238 1800 364 1877 aliquot
380 1817 439 1859 usa
450 1809 499 1859 est
514 1799 546 1858 in
562 1799 774 1875 hebdomada,
790 1799 896 1859 media
911 1799 999 1876 pinta

239 1898 308 1958 vini
333 1897 423 1974 puri,
445 1897 517 1957 sine
539 1897 738 1957 admixtione
764 1897 889 1973 aliqua:
912 1897 997 1973 quod

239 2007 350 2057 tamen
381 2004 494 2072 postea
522 2012 580 2071 per
601 1995 724 2071 aliquot
746 2012 849 2054 annos
871 2005 998 2071 oporte·

239 2096 294 2154 bat
327 2111 400 2153 cum
432 2110 515 2169 aqua
545 2092 687 2153 misceri.
725 2092 889 2153 Interdum
920 2110 997 2169 quo·

239 2209 307 2269 que
329 2190 479 2251 sumebat
501 2190 664 2250 modicum
681 2190 722 2250 de
737 2190 910 2267 speciebus
930 2208 998 2249 sac·
1011 2209 1035 2250 15

240 2289 327 2363 cari,
354 2288 405 2348 vel
437 2287 651 2347 cinnamomi:
681 2288 733 2346 vel
765 2288 920 2363 muscati,
946 2290 998 2348 vel

240 2387 456 2463 dactylorum.
493 2385 556 2446 Sed
587 2403 660 2445 cum
691 2386 763 2445 istis
792 2387 931 2462 amplius
954 2387 998 2447 uti

240 2503 308 2545 non
332 2493 457 2561 poterat
479 2483 605 2544 edendo
627 2484 679 2543 vel
703 2484 875 2559 sorbendo,
897 2484 999 2544 solam

238 2600 358 2660 aquam
382 2582 542 2657 sumebat,
564 2581 691 2642 scilicet
714 2582 852 2641 mediam
876 2582 997 2658 pintam

238 2698 346 2758 aquae
370 2680 507 2741 Mosalis
530 2680 562 2739 in
585 2679 806 2754 hebdomada3
828 2696 911 2755 quae
933 2679 1036 2739 sin-zo

238 2780 345 2857 gulari
364 2780 424 2839 Dei
448 2795 586 2839 munere
608 2787 727 2838 tantam
752 2777 944 2837 suavitatem
969 2777 998 2837 ei

239 2876 450 2951 conferebat,
479 2876 564 2951 quod
592 2892 722 2935 omnem
753 2873 820 2933 vini
850 2890 999 2949 saporem

239 2973 437 3034 excedebat:
448 2972 489 3032 de
500 2991 564 3050 quo
580 2991 714 3050 magnas
726 2971 867 3032 Domino
882 2971 1000 3047 gratias

239 3070 415 3133 referebat.
442 3071 487 3131 Eo
503 3071 599 3131 etiam
616 3083 762 3147 tempore
773 3071 856 3129 hanc
867 3068 999 3146 gratiam

240 3170 348 3230 aDeo
371 3169 500 3244 habuit3
523 3169 608 3245 quod
631 3169 702 3229 solo
724 3177 819 3244 gusto
835 3167 1000 3228 discerne·
1010 3189 1037 3230 25

240 3269 295 3328 bat
332 3266 417 3326 inter
452 3284 568 3343 aquam
599 3268 714 3327 Mosae
750 3266 938 3326 affluentem
969 3276 1001 3326 et

241 3365 460 3425 delluentem:
481 3365 610 3441 quando
632 3383 672 3426 ex
694 3365 782 3425 illius
805 3366 922 3424 haustu
945 3381 1000 3439 po·

241 3464 354 3524 culum
387 3463 448 3522 sibi
480 3463 611 3523 allatum
644 3462 793 3540 sumpsit.
830 3462 901 3522 Fuit
923 3479 1001 3538 quo-

242 3578 309 3639 que
341 3561 452 3621 multis
483 3561 577 3621 annis
600 3561 685 3638 quod
715 3561 854 3637 amplius
883 3560 1000 3619 miran-

243 3660 322 3719 dum
339 3670 399 3736 est,
421 3671 456 3721 ut
471 3661 561 3721 nullo
577 3660 649 3719 cibo
661 3660 713 3720 vel
730 3668 807 3736 potu
830 3657 1037 3734 corporali‚oo

242 3776 307 3818 nec
343 3775 459 3818 somno
495 3768 657 3819 uteretur:
694 3768 829 3834 excepto
865 3772 1000 3831 Corpore

603 3863 640 3903 331
