2692 4659
191 795 196 804 ’
292 810 338 872 oa
357 814 589 878 msrmcro
613 817 686 877 om
710 817 883 879 mulcro
907 820 981 880 vm

336 910 635 975 ACCVSABVNT
658 914 747 975 NOS
769 915 924 977 OMNES

490 1010 763 1072 CREATVRAE.

522 1160 642 1211 SERMO
659 1161 728 1210 xvl.

250 1238 566 1457 fflllmiliamini
585 1298 645 1357 sub
663 1299 790 1373 potenti
812 1315 911 1358 manu
929 1299 987 1359 Dei
995 1314 1028 1357 :s

383 1400 419 1455 ut
442 1411 499 1454 vos
526 1396 647 1455 exaltet
672 1396 706 1455 in
735 1401 875 1471 tempore
895 1396 1005 1456 visita-

246 1494 354 1553 tionis.
397 1492 517 1552 Dilecti
548 1493 664 1553 fratres
694 1494 820 1553 seriose
849 1485 1006 1554 attendite

245 1608 339 1651 sacra
367 1590 451 1650 beati
483 1590 570 1650 Petri
602 1591 740 1666 apostoli
772 1592 890 1651 verba:
923 1609 1006 1668 quae

242 1690 309 1749 iam
331 1690 366 1749 in
382 1689 522 1766 epistula
537 1689 609 1749 eius
624 1698 701 1749 sunt
721 1690 813 1749 lecta.
851 1690 1007 1749 Hortatur

243 1787 332 1847 enim
351 1804 466 1847 omnes
476 1788 516 1847 ad
527 1804 637 1847 veram
652 1787 761 1847 cordis
772 1786 987 1847 humilitatem
998 1804 1006 1861 ;
1017 1805 1042 1845 ιο

242 1894 278 1944 ut
302 1886 401 1943 homo
424 1884 610 1945 consideret
633 1885 825 1945 altissimam
848 1902 948 1962 super
969 1903 1005 1944 se

243 1982 306 2043 Dei
340 1982 538 2058 potentiam:
574 1993 605 2042 et
636 1982 787 2058 propriae
824 1982 1005 2059 fragilitatis
1088 2015 1091 2020 <

242 2080 460 2156 multiplicem
484 2079 659 2139 miseriam.
704 2080 794 2139 Haec
817 2081 881 2140 duo
907 2079 1005 2139 simul

243 2179 366 2252 iuncta,
389 2177 512 2237 iaciunt
528 2177 696 2237 humiliter
717 2178 757 2237 de
779 2195 815 2238 se
838 2178 910 2254 ipso
932 2195 1005 2237 sen·

244 2276 323 2336 tire:
354 2285 386 2335 et
408 2276 448 2335 de
470 2276 560 2335 nullo
582 2277 668 2336 bono
697 2293 795 2352 opere
825 2276 1005 2351 superbire.
1018 2296 1042 2335 15

246 2373 334 2433 Hinc
357 2390 473 2432 rursus
495 2373 548 2433 ait.
581 2374 671 2432 Deus
694 2372 845 2449 superbis
867 2372 1006 2433 resistit:

244 2470 427 2531 humilibus
448 2480 556 2531 autem
580 2471 632 2531 dat
648 2470 793 2547 gratiam.
823 2469 1006 2545 Inspiciatis

244 2586 321 2645 ergo
338 2568 437 2627 corda
451 2577 561 2628 vestra
573 2568 644 2627 Deo
660 2569 694 2627 in
710 2567 863 2627 omnibus
879 2578 1005 2644 aperta:

246 2667 422 2743 recogitate
458 2668 542 2725 mala
580 2666 778 2743 praeterita,
820 2665 1006 2743 praesentia

245 2765 408 2841 pericula,
445 2764 553 2824 futura
583 2764 644 2823 Dei
677 2764 813 2823 iudicia:
845 2772 878 2822 et
908 2780 1042 2839 quamao

247 2862 392 2923 districte
414 2861 481 2921 sint
502 2860 610 2919 omnia
632 2877 732 2936 opera
753 2872 864 2921 nostra
886 2860 1005 2920 exami-

247 2963 361 3021 nanda.
404 2960 581 3020 Nescimus
611 2959 728 3019 iratres
752 2957 892 3035 qualiter
915 2958 1006 3017 Deus

249 3058 402 3119 iudicabit
423 3075 494 3118 nos.
536 3055 650 3116 Timeo
672 3066 780 3116 autem
804 3056 890 3131 quod
913 3073 1006 3116 accu-

251 3168 374 3217 satores
385 3155 487 3216 nostri
500 3150 723 3232 multa'gravia
737 3153 880 3213 obicient
894 3153 1006 3214 nobis:

191 3299 194 3322 ,
252 3254 287 3313 de
309 3254 429 3331 quibus
444 3270 532 3313 nunc
547 3270 660 3329 parum
685 3253 912 3330 recogitamus,
942 3253 1006 3313 Sed
1015 3274 1043 3314 25

192 3890 198 3918 i

252 3350 301 3425 qui
334 3360 410 3410 sunt
439 3350 491 3409 isti
514 3360 722 3411 accusatores
747 3350 877 3410 nostri?
919 3351 1006 3411 Vere

253 3449 340 3508 valde
363 3446 473 3507 multi:
495 3449 535 3508 de
557 3449 677 3524 quibus
699 3465 785 3507 nunc
808 3448 906 3524 aliqui
930 3459 1006 3509 sunt

254 3545 416 3605 recitandi.

288 3642 498 3703 Accusabunt
512 3660 573 3703 nos
588 3644 694 3720 angeli
718 3642 838 3717 sancti3
860 3643 936 3719 quia
958 3644 1004 3704 in·
1016 3658 1076 3705 nn-

253 3740 419 3801 stinctibus
442 3740 561 3800 divinis
582 3758 648 3800 non
671 3741 915 3802 oboedivimus:
946 3744 1004 3803 sed
1015 3731 1074 3791 ἓθῑῑ·

608 3844 647 3887 123
