2692 4659
307 701 469 753 &m
490 699 556 741 vlla
573 698 736 741 LIDEWIGIS
751 698 890 741 VlRGlNlS
907 700 1061 753 AEQAEQ

307 834 407 908 tione,
429 832 594 909 praecepit
610 844 645 892 ut
660 850 776 893 secura
792 833 949 909 deinceps
965 843 1062 893 esset:

308 948 369 990 nec
392 931 566 1007 quicquam
590 931 665 990 mali
683 948 785 1006 super
804 932 867 991 hoc
889 932 952 991 sibi
974 949 1062 991 even-

308 1040 417 1089 turum
446 1028 644 1088 formidaret.
688 1029 752 1089 Sed
775 1039 807 1088 et
829 1046 865 1088 se
889 1029 994 1105 ipsam
1015 1030 1061 1089 ob-

309 1129 413 1188 sidem
437 1145 495 1203 pro
518 1128 720 1187 conscientia
736 1128 824 1187 illius
841 1127 873 1185 in
890 1127 944 1187 die
959 1126 1060 1187 iudicii

286 1226 454 1287 sofferens
472 1244 509 1285 ac
525 1226 655 1286 divinae
670 1225 780 1301 pietati
796 1242 856 1301 per
871 1226 982 1285 omnia
997 1242 1061 1285 con-

311 1326 432 1385 lidens:
461 1325 500 1383 ab
530 1323 618 1383 omni
646 1322 834 1399 praehabita
855 1324 1060 1398 trepidatione

311 1423 447 1482 liberam
470 1439 541 1481 eam
566 1420 705 1482 reddidit
728 1431 759 1481 et
781 1430 938 1497 pacatam.

319 1627 377 1685 DE
405 1624 572 1686 GRnTm
601 1624 794 1686 MAGNAE
822 1623 1052 1686 COMPVNC·

302 1721 305 1727 ’
355 1720 503 1783 TlONIS
528 1721 579 1781 ET
603 1721 753 1783 LARGA
778 1721 1021 1783 EFFVSIONE

275 1848 299 1888 10
371 1820 671 1882 LACRIMARVM
704 1821 746 1879 ΙΝ
775 1820 1009 1882 COMMVNI-

371 1918 570 1981 enT10NE
582 1917 1010 1980 CORPORISCHRISTI.

543 2067 751 2116 CAPITVLVM
770 2067 835 2115 XXI.
910 2065 913 2088 ¹

310 2147 485 2363 Qum
505 2214 748 2281 consequenter
766 2204 904 2264 dicenda
924 2213 1001 2264 sunt
1015 2203 1060 2263 ali·

333 2274 393 2361 Qu
441 2303 565 2378 quade
588 2311 673 2362 statu
696 2319 807 2361 sacrae
828 2301 1061 2363 communionis

277 2428 301 2467 15
312 2402 410 2460 huius
427 2401 659 2460 devotissimae
675 2401 827 2476 virginis3
848 2401 989 2477 qualiter
1004 2402 1063 2477 ipsa

311 2499 474 2574 aspirante
502 2498 612 2558 divina
633 2498 734 2574 gratia
756 2499 910 2574 paulatim
934 2496 1063 2575 profecit

311 2597 349 2656 ad
381 2596 494 2656 altiora
525 2597 627 2656 dona:
660 2596 850 2672 frequenter
880 2596 1063 2672 accipiendo

312 2694 445 2770 pretiosi
469 2692 616 2769 corporis
633 2692 758 2753 Christi
775 2703 989 2753 sacramenta.
1027 2692 1064 2752 Eo

312 2793 409 2868 igitur
446 2803 592 2867 tempore
630 2790 788 2850 ariditatis
826 2807 905 2849 suae
943 2791 1064 2868 quando

275 2891 402 2966 aovirgo
425 2890 529 2949 adhuc
552 2890 664 2948 nescia
682 2890 861 2965 spiritualis
877 2890 1066 2960 dulcedinis,

312 2990 480 3063 langueret
507 2988 540 3046 in
562 2987 682 3046 lectulo
705 2987 908 3046 acerbissimi
933 2987 1067 3059 doloris3

313 3086 372 3144 luit
404 3086 541 3144 devotus
573 3085 704 3161 quidam
735 3086 889 3144 sacerdos
919 3086 1068 3145 dominus

314 3184 476 3242 Iohannes
493 3183 552 3241 Pot
572 3183 689 3257 dictus,
712 3182 766 3258 qui
784 3199 853 3241 eam
870 3182 921 3241 bis
938 3183 971 3242 in
988 3199 1068 3242 anno

313 3281 555 3340 communicare
567 3281 705 3339 solebat:
718 3289 749 3339 et
760 3280 911 3355 primitus
923 3281 963 3339 ad
972 3280 1070 3340 medi·

275 3378 467 3443 astationem
499 3377 690 3437 Dominicae
722 3377 886 3453 passionis
918 3378 1071 3439 informa·

312 3484 412 3534 verat.
460 3474 523 3533 Hic
555 3493 631 3551 ergo
664 3492 774 3534 curam
806 3492 925 3550 gerens
958 3477 1073 3537 salutis

312 3590 427 3649 aegrae
443 3572 580 3648 virginis
596 3591 668 3633 cum
685 3573 825 3649 quodam
837 3572 889 3632 die
901 3590 975 3633 eam
987 3591 1073 3634 com-

313 3672 538 3731 municaturus
560 3682 659 3746 esset,
682 3670 848 3746 accipiens
870 3671 903 3730 in
922 3672 1075 3732 manibus

313 3769 383 3827 suis
406 3786 531 3828 sacram
554 3777 585 3827 et
608 3768 894 3828 incontaminatam
915 3769 1075 3829 hostiam:

669 3871 709 3912 424
