2692 4659
276 764 383 823 iustos
406 763 666 823 misericorditer
690 764 837 823 salvans:
866 774 898 824 et
919 764 1038 840 impios

277 877 335 936 pro
363 861 434 921 suis
465 861 633 921 demeritis
662 860 844 921 iustissime
871 863 1037 922 damnans.

278 960 307 1021 Ο
330 960 457 1020 utinam
472 960 628 1019 mortales
650 959 713 1018 ista
731 970 922 1035 pensarent:
945 970 976 1019 et
999 960 1038 1019 de

277 1058 425 1118 districto
435 1058 498 1118 Dei
510 1056 631 1117 iudicio
640 1075 715 1117 cum
728 1068 868 1117 tremore
877 1058 1038 1133 etgemitu

279 1156 471 1232 frequenter
500 1155 689 1232 cogitarent.
733 1155 860 1216 Omnes
890 1155 977 1215 enim
1005 1166 1062 1215 uts

279 1253 1040 1329 apostolusaitstabimusantetribunalChristi,

279 1351 318 1410 de
334 1350 475 1426 singulis
491 1351 586 1411 malis
597 1351 783 1428 praeteritis
794 1351 952 1410 rationem
969 1338 1039 1411 red·

280 1447 394 1507 dituri:
426 1448 657 1508 accusantibus
686 1467 747 1509 nos
775 1459 810 1509 ut
839 1450 959 1509 dictum
990 1459 1040 1510 est

281 1546 1040 1624 omnibuscreaturis,circumstantibusangelis

283 1652 313 1703 et
336 1643 552 1703 daemonibus
574 1645 669 1705 avide
692 1645 811 1721 paratis
827 1646 865 1705 ad
882 1646 1040 1722 recipien-
1052 1660 1076 1701 io

283 1740 358 1800 dum
395 1757 509 1800 secum
545 1742 578 1801 in
615 1743 723 1819 ignem
760 1743 938 1803 damnatos.
993 1744 1039 1803 lbi

283 1837 393 1897 nullus
422 1855 459 1897 se
491 1838 608 1913 poterit
640 1856 798 1899 excusare
829 1857 890 1899 nec
919 1841 958 1900 ad
987 1858 1040 1900 ex·

284 1935 468 1994 cellentiam
508 1935 714 2011 imperatoris
756 1937 937 2012 appellare:
979 1953 1040 1996 nec

286 2031 401 2092 litteris
431 2033 619 2108 apostolicis
648 2052 757 2111 neque
785 2035 965 2111 privilegiis
992 2052 1041 2095 re-

286 2131 410 2205 galibus
439 2147 476 2190 se
505 2131 683 2192 deiendere
706 2143 817 2192 contra
845 2134 1076 2193 sententiamis

287 2228 403 2288 iudicis
425 2238 543 2288 cuncta
564 2229 603 2288 ab
626 2239 759 2289 aeterno
782 2230 963 2306 cernentis3
985 2230 1040 2306 qui

287 2326 525 2386 secretissimas
541 2325 754 2402 cogitationes
770 2337 801 2387 et
817 2345 915 2404 opera
932 2328 1041 2404 singu-

288 2424 389 2483 lorum
413 2423 447 2483 in
470 2424 614 2499 qualibet
636 2435 741 2485 aetate
766 2436 797 2485 et
819 2428 899 2486 hora
920 2436 1042 2502 patrata

288 2520 452 2597 cognoscit
484 2522 598 2581 notitia
631 2523 733 2583 clara:
769 2524 858 2583 nullo
894 2523 955 2583 sibi
992 2542 1041 2584 re-

289 2616 421 2678 ferente.
451 2618 557 2679 Cuius
573 2622 778 2681 tremendum
801 2622 957 2681 iudicium
974 2638 1076 2682 om-2o

288 2732 342 2775 nes
353 2733 442 2775 nunc
453 2718 596 2777 revereri
608 2719 781 2794 debemus3
797 2730 828 2780 et
839 2728 912 2778 ante
928 2720 1039 2779 iudicii

287 2812 368 2873 diem
399 2823 432 2874 et
453 2816 568 2874 mortis
589 2817 702 2875 horam
734 2834 807 2875 cum
831 2834 908 2877 vera
933 2817 1040 2877 cordis

288 2911 480 2971 contritione
502 2912 542 2971 de
571 2912 664 2971 malis
687 2914 839 2973 omnibus
863 2915 1040 2990 paenitere,

288 3018 317 3067 et
338 3008 468 3068 veniam
491 3009 658 3070 humiliter
680 3021 808 3087 petere:
830 3030 872 3072 ne
895 3013 977 3072 torte
1000 3013 1039 3072 de

288 3106 346 3166 hoc
361 3107 485 3166 mundo
500 3106 607 3167 subito
623 3109 662 3168 ad
679 3109 835 3169 iudicium
852 3111 943 3187 rapti,
966 3128 1039 3170 cum
1050 3128 1076 3169 25

287 3201 394 3279 impiis
402 3213 559 3278 perpetue
571 3205 772 3266 damnemur.
790 3208 936 3268 Praestet
946 3208 1041 3267 nobis

287 3299 475 3360 misericors
487 3301 588 3377 Deus,
597 3320 691 3385 nunc
702 3313 734 3363 et
746 3321 877 3379 semper
891 3304 1041 3364 invenire

287 3397 544 3458 misericordiam
556 3409 629 3459 ante
645 3402 798 3460 thronum
809 3402 930 3477 gratiae
945 3420 1040 3463 suae:

286 3508 318 3557 ut
340 3514 415 3557 cum
435 3497 549 3557 electis
565 3515 750 3558 mereamur
764 3500 931 3560 benedici:
954 3510 985 3560 et
1007 3501 1040 3561 in

284 3613 420 3672 regnum
431 3595 554 3671 gloriae
568 3596 709 3656 ieliciter
723 3596 894 3657 introduci.
924 3596 1076 3659 Amenso

646 3798 684 3838 135
