2692 4659
377 685 538 738 mm
565 684 728 728 sermones
744 685 783 727 no
800 684 954 728 uovrcros
978 685 1123 739 &alodii

379 836 493 878 urnam
510 836 583 879 cum
600 836 720 879 manna
731 818 775 879 ibi
787 836 962 895 reponere,
977 829 1010 880 et
1020 820 1123 880 librum

379 915 460 992 legis
489 927 563 977 tuae
592 916 683 976 lateri
707 933 780 977 meo
804 916 866 977 lixe
894 918 1073 994 applicare3
1097 926 1126 976 ut

379 1013 412 1073 in
442 1030 481 1074 eo
503 1013 650 1074 studeam
681 1014 834 1075 caelestia
856 1032 893 1074 ac
917 1015 1030 1076 divina
1051 1032 1127 1076 man·

379 1113 452 1172 data
483 1123 539 1173 tua
569 1112 622 1173 die
653 1129 691 1172 ac
720 1123 834 1173 nocte:
869 1113 1027 1189 quamdiu
1058 1113 1127 1188 dego

356 1212 454 1270 sexul
489 1210 523 1270 in
564 1212 624 1270 hac
660 1220 754 1271 terra.
807 1209 914 1270 Debet
950 1210 1049 1270 etiam
1081 1189 1152 1275 dor¹

379 1324 452 1367 mus
494 1307 622 1368 animae
662 1317 793 1367 nostrae
834 1307 958 1367 habere
1002 1318 1129 1384 quatuor

380 1405 481 1465 fortes
500 1405 625 1481 trabes3
647 1421 689 1464 ne
712 1403 863 1464 elationis
877 1415 978 1465 vento
998 1405 1128 1482 parietes

380 1512 588 1576 moveantur:
615 1513 669 1562 aut
692 1501 933 1562 maledictionis
956 1503 1062 1563 iaculo
1082 1501 1129 1561 ali·

380 1600 454 1677 quis
489 1617 667 1676 percussus
696 1617 713 1658 a
742 1598 879 1659 veritate
915 1600 1076 1677 evangelii
1102 1608 1129 1659 et

346 1699 550 1759 tosanctitate
579 1697 713 1758 humilis
735 1696 821 1756 vitae
844 1698 987 1758 recedat.
1019 1696 1130 1758 Omnia

380 1797 467 1856 enim
490 1795 563 1856 sine
592 1795 774 1856 humilitate
797 1804 829 1854 et
852 1795 946 1855 firma
976 1796 1129 1857 custodia:

379 1895 535 1970 periculis
566 1902 676 1969 patent
705 1903 736 1952 et
759 1891 873 1952 ruinis.
910 1892 1035 1954 Teneat
1062 1909 1130 1968 ergo

379 1992 487 2052 anima
516 1990 622 2051 fidelis
643 1991 767 2051 trabem
797 1989 960 2068 iustitiae,
988 1992 1068 2052 nulli
1089 1991 1130 2050 in-

380 2089 515 2150 ferendo
547 2088 717 2148 iniuriam:
752 2095 861 2148 teneat
892 2089 1019 2149 trabem
1051 2087 1131 2149 lorti·

345 2187 512 2261 istudinis
532 2186 585 2262 pie
601 2185 794 2245 sustinendo
810 2184 949 2246 aliorum
966 2187 1132 2260 malitiam3

380 2295 488 2345 teneat
515 2285 637 2344 trabem
660 2282 913 2359 temperantiae,
944 2284 1133 2345 refrenando

379 2382 487 2442 camis
516 2381 743 2458 petulantiam:
773 2389 881 2440 teneat
910 2383 1036 2443 trabem
1066 2400 1132 2459 pru·

379 2479 507 2540 dentiae
537 2478 682 2539 cavendo
714 2477 835 2537 erroris
871 2477 1043 2541 fallaciam.
1079 2477 1132 2538 Fili

378 2595 396 2636 a
427 2577 596 2637 iuventute
628 2575 740 2651 accipe
771 2575 970 2652 doctrinam3
1002 2577 1091 2637 disce
1117 2592 1132 2634 a

342 2675 526 2750 aosapiente
555 2673 747 2749 sapientiam
771 2683 806 2733 ut
827 2673 874 2732 sis
897 2675 1060 2749 prudens:
1088 2683 1133 2733 est

379 2773 466 2833 enim
478 2771 659 2849 ignorantia
675 2780 778 2830 mater
789 2770 920 2830 erroris.
949 2771 1026 2831 Noli
1043 2772 1132 2831 etiam

379 2888 454 2931 esse
470 2871 664 2946 neglegens:
682 2868 758 2944 quia
773 2868 980 2944 neglegentia
1002 2881 1053 2930 est
1067 2885 1133 2945 per·

379 2968 457 3028 ditio
479 2967 572 3027 multi
588 2964 664 3025 boni
688 2963 797 3039 operis
813 2974 845 3024 et
860 2966 1030 3041 temporis.
1055 2965 1133 3043 Quis

380 3065 474 3125 facile
490 3062 695 3140 recuperabit
711 3072 841 3138 tempus
857 3063 1047 3125 amissum?
1068 3065 1134 3125 Vna

342 3178 369 3218 25
379 3164 458 3222 hora
473 3162 594 3223 silentii
607 3178 681 3221 cum
693 3162 764 3220 Deo
781 3177 925 3236 expensa
936 3162 1011 3237 plus
1027 3159 1133 3221 laetifi-

379 3260 463 3320 cabit
478 3259 713 3319 conscientiam
724 3277 731 3318 :
743 3275 839 3334 quam
850 3267 919 3318 tres
934 3259 1037 3318 horae
1046 3256 1133 3318 vanis

380 3358 497 3417 fabulis
513 3366 736 3432 consumptae.
769 3354 848 3414 Sitis
870 3372 948 3431 ergo
965 3351 1133 3425 carissimi,

379 3455 552 3531 diligentes
568 3454 602 3513 in
614 3471 730 3530 opere;
752 3452 905 3513 custoditi
922 3451 956 3511 in
972 3469 1047 3512 ore:
1063 3451 1133 3511 sim·

378 3552 481 3627 plices
497 3551 529 3611 in
546 3553 647 3612 malo:
669 3550 848 3626 prudentes
863 3548 897 3609 in
908 3548 1014 3625 bon03
1029 3546 1134 3609 devoti

343 3670 369 3709 no
380 3650 461 3724 Deo,
472 3649 603 3725 benigni
620 3647 785 3724 proximo:
801 3645 899 3705 alieni
916 3645 1051 3721 mundo,
1066 3660 1134 3722 pro·

380 3747 494 3823 pinqui
517 3748 617 3806 caelo.

735 3849 774 3890 aot
