2692 4659
345 627 506 679 meaos
535 627 697 669 sennoues
712 629 752 669 no
769 628 917 671 novicios
942 629 1105 680 wiese

374 769 431 829 DE
453 768 577 830 VANA
600 769 769 831 GLORIA
792 769 1001 845 VITANDA‚
1024 769 1078 829 ET

481 869 640 928 HVMILI
664 867 969 929 OBOEDIENTIA

600 964 848 1027 SECTANDA.

616 1115 736 1165 SERIIIO
754 1116 834 1164 XVII.

322 1190 506 1421 SQW
525 1252 703 1327 gloriatur:
727 1252 761 1311 ἰη
782 1252 920 1311 Domino
940 1252 1103 1327 glorietur.

487 1350 605 1410 Dilecti
630 1350 746 1410 fratres
771 1350 798 1409 si
825 1361 966 1411 vestram
989 1366 1103 1410 saecu-

346 1448 446 1506 larem
469 1446 567 1506 vitam
590 1448 797 1523 praeteritam
814 1466 887 1508 curn
905 1448 1016 1508 dolore
1032 1464 1103 1507 cor·

345 1544 395 1604 dis
418 1544 614 1620 recogitatis,
636 1555 668 1605 et
690 1556 846 1621 quantum
870 1548 976 1605 Deum
999 1545 1103 1605 offen-

345 1641 456 1716 distis3
478 1642 516 1701 ad
532 1642 610 1718 quid
625 1642 755 1718 gloriari
772 1643 935 1719 potestis?
958 1643 991 1703 Si
1004 1644 1102 1704 etiarn

311 1757 335 1796 ιο
345 1741 567 1817 neglegentias
589 1742 768 1801 cotidianas
784 1750 816 1801 et
831 1741 1033 1801 offensiones
1056 1743 1102 1802 di·

345 1856 458 1898 versas
489 1849 583 1899 caute
615 1840 824 1900 considerare
855 1838 983 1915 velitis3
1013 1841 1103 1900 unde

343 1935 474 2012 gloriari
495 1936 621 1995 habetis
638 1936 693 2013 qui
716 1947 780 1997 tarn
796 1936 977 1997 defectuosi
994 1938 1103 1997 estis?

345 2032 410 2109 Qui
441 2034 525 2093 mala
553 2051 612 2093 sua
640 2034 823 2109 praeterita,
855 2045 887 2095 et
915 2036 1102 2111 praesentia

344 2130 488 2205 pericula
502 2131 674 2207 vigilanter
689 2133 833 2207 attendit,
848 2143 880 2193 et
895 2132 1006 2192 stricte
1022 2149 1102 2208 pon·

310 2246 334 2286 15
345 2228 451 2288 derat:
479 2247 657 2305 numquam
680 2231 720 2290 de
742 2230 896 2306 operibus
925 2229 995 2288 suis
1016 2247 1102 2290 vane

344 2326 474 2402 gloriari
486 2337 602 2403 potest.
635 2327 720 2404 Quis
732 2337 879 2388 nostrum
891 2327 953 2387 scit
963 2327 1105 2403 qualiter

346 2424 437 2483 Deus
459 2424 587 2500 singula
608 2427 708 2486 verba
724 2426 936 2503 cogitationes
957 2436 988 2486 et
1004 2443 1105 2501 opera

345 2520 397 2580 die
420 2530 451 2580 et
473 2531 568 2581 nocte
590 2533 706 2598 pensat
721 2533 753 2584 et
774 2524 910 2583 iudicat:
933 2532 1042 2583 utrum
1066 2541 1106 2584 ea

345 2627 490 2694 acceptat
501 2620 552 2679 vel
565 2620 742 2696 reprobat?
765 2620 878 2681 Nescit
893 2620 989 2680 etiam
1004 2622 1104 2681 homo

308 2732 335 2772 ao
345 2716 494 2792 quamvis
506 2717 602 2776 modo
613 2718 719 2777 bonus
731 2728 763 2777 et
775 2719 912 2778 devotus
924 2718 976 2794 sit,
991 2736 1104 2795 quarn-

345 2815 399 2874 diu
423 2815 470 2874 sic
501 2815 659 2874 manebit:
688 2814 715 2874 si
746 2816 862 2875 melior
890 2833 930 2875 an
960 2817 1105 2877 deterior

345 2913 450 2972 adhuc
474 2912 537 2971 fiet.
568 2913 696 2972 Fratres
719 2912 745 2971 si
762 2913 889 2972 occulta
905 2912 965 2971 Dei
983 2912 1105 2973 iudicia

345 3019 376 3069 et
399 3009 555 3069 terribilia
570 3027 669 3086 opera
684 3010 756 3069 eius
776 3027 875 3085 super
898 3010 983 3070 filios
999 3012 1104 3072 homi-

344 3125 422 3167 nurn
445 3109 484 3167 ab
507 3107 599 3168 initio
622 3108 734 3167 mundi
752 3107 893 3184 cogitare
909 3108 1102 3183 coeperitis:

307 3216 519 3267 asevanescet
548 3205 645 3265 citius
668 3222 765 3265 omne
794 3206 893 3264 altum
917 3214 948 3264 et
972 3208 1103 3266 carnale

344 3305 430 3380 quod
453 3305 591 3364 delectat
613 3303 646 3362 in
668 3303 819 3363 terrenIs.
855 3304 949 3364 Vnde
968 3316 1103 3365 sanctus

346 3402 449 3461 David
472 3411 550 3461 orat.
594 3400 732 3477 Confige
762 3402 878 3461 tImore
900 3412 956 3462 tuo
985 3420 1102 3463 carnes

345 3517 451 3560 meas:
473 3517 492 3558 a
513 3498 643 3559 iudiciis
666 3498 754 3559 enim
777 3500 842 3559 tuis
863 3498 966 3559 timui.
1010 3498 1103 3559 Sicut

346 3599 437 3656 Deus
451 3597 525 3673 pius
541 3607 573 3657 et
589 3596 778 3656 misericors
794 3605 844 3655 est
859 3596 1102 3672 paenitentibus

308 3707 377 3754 aoet
398 3695 563 3755 ferventer
578 3711 614 3754 se
630 3693 895 3753 emendantibus:
918 3692 961 3752 ita
977 3694 1102 3769 rigidus

704 3799 742 3839 136
