2692 4659
248 698 997 754 fflfflffifflwkffimffiffiw

191 896 195 929 Ι
247 833 351 894 tando:
388 841 423 893 ut
458 833 609 893 alacriter
638 844 782 894 cantaret
817 834 850 893 in
886 835 996 894 choro.

247 928 350 990 Frater
382 931 453 990 Deo
485 932 572 1007 laus,
603 949 662 1008 ego
692 949 869 1008 numquam
899 930 996 992 habui

244 1029 382 1088 taedium
404 1028 437 1087 in
461 1029 572 1089 divino
602 1029 727 1089 officio:
750 1040 997 1106 quantumcum-

243 1143 301 1203 que
323 1128 457 1204 longum
480 1135 578 1187 esset.
610 1126 693 1187 Nam
716 1127 749 1187 in
773 1128 857 1188 festo
878 1129 998 1203 palma-

242 1242 310 1285 mm
333 1225 485 1302 quamvis
506 1223 653 1284 divinum
669 1224 815 1285 officium
832 1226 910 1285 satis
925 1242 1020 1301 pro-5

240 1322 339 1382 lixum
355 1322 486 1383 videtur
500 1340 577 1400 prae
593 1324 713 1383 ceteris
735 1323 867 1383 diebus:
889 1332 997 1383 tamen

239 1438 304 1481 non
327 1438 403 1481 sum
426 1421 619 1482 attaediatus
641 1420 681 1480 de
699 1420 901 1498 longitudine
924 1416 998 1480 can-

238 1530 308 1595 tus;
337 1519 397 1578 sed
427 1519 471 1580 ita
499 1527 644 1595 paratum
675 1535 728 1578 me
750 1519 840 1578 sensi
863 1518 902 1579 ad
925 1535 998 1577 can·

237 1617 384 1691 tandum,
406 1616 492 1692 quod
514 1615 541 1675 si
564 1614 683 1691 aliquis
705 1613 822 1675 iterum
845 1616 883 1674 ab
906 1613 998 1673 initio

237 1724 341 1776 totum
373 1715 519 1791 incipere
548 1712 723 1772 voluisset:
755 1712 894 1772 libenter
924 1728 1035 1775 cumro

239 1831 279 1874 eo
302 1813 503 1889 incepissem
524 1820 556 1871 et
572 1820 765 1871 cantassem.
798 1810 870 1868 Hoc
890 1809 999 1869 audito

238 1912 430 1972 aedificatus
459 1919 509 1971 est
538 1910 638 1969 frater
665 1907 867 1986 praedictus:
898 1916 930 1967 et
961 1907 1000 1967 ad

239 2010 437 2070 cantandum
460 2007 598 2069 alacrior
620 2006 768 2067 effectus.
812 2007 904 2067 Bene
923 2006 1000 2066 huic

240 2108 365 2168 seniori
402 2106 601 2168 credendum
639 2104 716 2180 luit3
758 2105 834 2182 quia
870 2122 1001 2181 semper

242 2223 318 2266 cum
340 2205 456 2281 primis
477 2205 516 2265 ad
537 2206 673 2263 chorum
696 2204 796 2278 venit,
818 2222 890 2264 raro
913 2204 1001 2278 exiit,
1012 2225 1036 2265 15

242 2303 358 2362 exiens
380 2320 439 2379 pro
462 2300 659 2361 necessitate
682 2300 745 2361 cito
768 2301 880 2361 rediit:
910 2320 1001 2377 prae-

242 2418 322 2460 sens
344 2399 485 2459 fideliter
506 2416 563 2474 pro
585 2415 684 2474 posse
706 2398 805 2474 iuvit,
833 2409 865 2459 et
887 2400 1001 2459 oculos

241 2497 275 2557 in
299 2497 429 2557 diversa
450 2513 516 2555 non
539 2496 659 2557 defixit.

550 2671 691 2734 [mmo]

325 2851 327 2853 ,
357 2788 421 2849 lius
437 2788 585 2849 eiusdem
602 2789 727 2849 ordinis
743 2789 842 2849 frater
856 2790 928 2849 zelo
940 2789 1000 2848 Dei
1011 2807 1038 2848 ao

256 2872 283 2937 l‘-
304 2889 339 2920 2'
376 2903 558 2963 accensus,
598 2897 710 2947 contra
750 2886 1001 2947 somnolentiam

245 2985 371 3045 fortiter
393 2985 552 3044 certabat:
574 2993 606 3043 et
628 2986 711 3043 hanc
734 2984 795 3044 sibi
814 2985 1001 3045 violentiam

246 3083 415 3143 inferebat.
459 3081 625 3143 Gravatus
653 3099 794 3158 namque
824 3100 940 3143 somno
970 3083 1002 3141 in

247 3182 362 3257 choro,
395 3180 531 3256 capillos
559 3178 675 3254 capitis
697 3179 747 3239 sui
771 3199 869 3241 manu
891 3180 1003 3256 traxit3

246 3280 375 3340 barbam
400 3278 525 3339 duriter
547 3278 675 3354 lricuit‚
704 3296 819 3338 nasum
849 3279 924 3339 stilo
947 3296 1040 3355 pu·25

247 3380 343 3456 pugit,
359 3377 475 3438 oculos
490 3377 592 3437 saliva
607 3376 755 3437 detrivit:
769 3388 803 3437 et
817 3380 877 3437 sub
893 3387 1004 3438 mento

248 3487 374 3539 acutum
412 3476 537 3553 lignum
573 3476 768 3553 quandoque
804 3476 929 3552 posuit,
969 3487 1004 3536 ut

192 3603 194 3634 ι
249 3575 349 3636 somni
374 3584 539 3649 torporem
563 3574 698 3650 fugaret.
728 3573 881 3650 Cumque
896 3583 1005 3633 motus

192 3665 194 3692 ’
250 3672 352 3732 carnis
374 3671 530 3747 sentiret,
559 3671 706 3731 flammas
735 3670 877 3730 incendii
906 3671 1005 3731 inler-

251 3770 327 3830 nalis
358 3769 537 3845 cogitabat3
572 3779 604 3829 et
634 3768 808 3845 digitorum
841 3770 1041 3846 unguibusso

611 3875 635 3916 ει
868 3874 898 3915 4⁸
