2692 4659
358 707 520 761 ww
547 707 710 750 SERMONES
724 708 765 749 AD
781 706 930 751 Novlclos
955 708 1124 761 ἵὸξῇἴῷξῦ

360 842 432 903 diae
455 842 577 903 fomes:
607 841 735 903 scilicet
757 842 917 918 cupiditas
940 842 1005 918 rei,
1028 860 1124 903 amor

360 940 511 1015 habendi,
522 939 795 1016 timorperdendi,
807 940 982 1002 doiorboni
994 940 1122 1000 amissi.

361 1038 470 1097 Malus
491 1055 570 1098 vero
592 1047 624 1098 et
646 1037 820 1114 impatiens
842 1041 915 1115 plus
937 1047 1034 1099 nocet
1057 1037 1122 1097 sibi

361 1153 456 1213 quam
479 1136 567 1197 aliis:
597 1145 629 1196 et
657 1137 761 1213 magis
782 1137 921 1198 laeditur
941 1154 959 1196 a
987 1153 1024 1196 se
1047 1136 1122 1213 ipso

337 1233 459 1309 cintus,
480 1251 576 1311 quam
607 1234 645 1294 ab
675 1234 749 1294 aliis
771 1234 861 1295 ioris.
904 1234 1023 1296 Omnis
1048 1252 1122 1311 pas-

360 1331 508 1392 sionatus
539 1349 623 1392 onus
651 1331 713 1392 sibi
746 1331 807 1407 ipsi
840 1341 891 1393 est
918 1343 951 1393 et
979 1332 1121 1393 turbatio

361 1430 486 1490 cordis:
508 1430 706 1506 ubicumque
728 1429 826 1489 fuerit
848 1429 919 1490 sive
941 1432 1033 1490 solus
1049 1429 1120 1489 sive

361 1544 434 1588 cum
457 1527 530 1587 aliis
545 1526 666 1586 multis.
698 1526 864 1587 Continuo
886 1536 918 1586 et
940 1526 1121 1587 domestica

361 1625 402 1683 lis
424 1633 535 1684 nostra
549 1626 630 1684 haec
651 1635 716 1684 est:
739 1624 815 1701 quia
837 1642 911 1684 caro
927 1634 1040 1685 nostra
1055 1642 1119 1684 non

327 1731 412 1782 roest
442 1722 589 1783 subiecta
619 1721 747 1797 spiritui
779 1721 960 1781 secundum
997 1731 1119 1782 rectam

362 1817 520 1878 rationem
543 1820 626 1879 bene
642 1819 792 1896 vivendi3
814 1837 875 1880 nec
898 1819 1034 1896 spiritus
1049 1837 1120 1896 per-

362 1915 447 1976 fecte
476 1916 626 1977 subditus
654 1928 705 1977 est
727 1918 814 1977 Deo:
843 1917 1025 1977 secundum
1053 1934 1120 1976 om·

361 2029 437 2073 nem
468 2015 668 2075 voluntatem
700 2033 791 2076 suam
824 2015 885 2076 sibi
915 2015 975 2075 soli
1005 2015 1121 2075 intime

362 2112 509 2187 placendi
538 2112 591 2171 hic
623 2122 655 2173 et
683 2113 716 2173 in
739 2123 918 2173 aeternum.
961 2111 1026 2173 Sed
1056 2113 1122 2173 dia·

329 2212 457 2271 rebolus
480 2210 662 2271 malitiosus
677 2210 849 2287 quiescere
871 2209 993 2286 nescit;
1016 2219 1049 2271 et
1066 2211 1122 2271 ubi

363 2307 433 2383 ipse
464 2327 528 2369 non
551 2308 641 2369 venit
669 2308 821 2368 nuntium
851 2309 978 2369 occulte
1008 2308 1124 2369 mittit:

364 2415 398 2464 ut
419 2422 532 2481 pacem
555 2406 692 2466 aliorum
714 2406 831 2481 turbet,
853 2415 908 2466 aut
930 2405 1046 2466 callide
1069 2406 1124 2467 de·

364 2503 471 2578 cipiat.
500 2502 566 2564 Aut
588 2504 676 2564 enim
699 2521 717 2563 a
739 2505 823 2564 bono
840 2503 984 2576 retrahit,
1007 2512 1061 2563 aut
1084 2504 1125 2563 ad

364 2601 484 2659 malum
508 2600 636 2675 incitat;
664 2609 718 2660 aut
749 2600 829 2660 falsa
857 2617 915 2676 pro
937 2599 1027 2660 veris
1049 2617 1125 2676 sug-

327 2698 461 2773 2ogerit:
493 2708 547 2758 aut
577 2698 617 2757 de
646 2698 734 2757 veris
765 2697 898 2758 dubium
928 2696 1013 2756 iacit.
1057 2696 1124 2757 Sed

364 2795 487 2855 fallitur
507 2795 562 2872 qui
585 2795 646 2854 sibi
670 2796 782 2856 credit.
812 2795 901 2872 Quid
916 2794 1002 2854 aliud
1025 2796 1125 2855 habet

364 2910 476 2969 agere3
502 2910 598 2970 quam
622 2910 680 2968 per
701 2894 859 2953 mundum
882 2892 1068 2952 discurrere
1092 2902 1124 2952 et

335 2978 338 2983 ’
364 2991 516 3050 homines
531 3001 700 3066 temptare,
722 3001 754 3052 et
769 2993 873 3051 bonos
889 2991 1035 3051 vexare?
1057 2991 1124 3052 Sed

364 3089 419 3165 qui
443 3089 475 3148 in
499 3089 569 3149 Deo
597 3089 781 3164 confidunt,
812 3099 843 3149 et
872 3089 911 3148 ad
941 3089 1122 3149 orationem

327 3185 428 3246 ascito
451 3195 640 3261 recurrunt3
663 3186 773 3245 omnia
788 3186 927 3246 consilia
948 3186 1022 3246 eius
1044 3197 1123 3247 tam-

365 3301 461 3360 quam
494 3301 685 3344 aranearum
718 3285 799 3344 telas
822 3283 958 3345 Christo
989 3283 1124 3345 iuvante

365 3381 570 3456 disrumpere
591 3390 745 3457 possunt:
775 3381 861 3441 etin
891 3382 981 3441 nullo
1005 3381 1124 3441 timere

365 3479 484 3538 debent
505 3478 611 3538 minas
633 3481 803 3539 malorum.
846 3480 952 3539 Nemo
974 3478 1125 3538 securior

365 3594 383 3635 a
405 3577 531 3654 laqueis
553 3577 800 3653 temptationum
823 3593 919 3653 quam
942 3592 1041 3635 verus
1065 3578 1125 3637 hu·

328 3675 470 3750 semilis,
492 3674 636 3750 perfecte
659 3674 848 3749 oboediens,
870 3683 902 3734 et
924 3691 1047 3750 pauper
1070 3691 1125 3751 pe·

366 3773 532 3849 regrinus3
567 3772 622 3847 qui
659 3772 703 3831 nil
735 3772 897 3833 commodi
933 3773 1125 3848 temporalis

725 3876 763 3918 174
