2692 4659
239 684 563 736 &witam
600 683 642 725 llll
678 684 998 738 fflffldffiwii

240 836 317 878 vero
348 818 535 878 rumoribus
565 825 597 877 et
618 817 719 877 variis
742 817 911 877 hominum
935 826 997 876 sta-

241 915 328 975 tibus
357 915 447 991 loqui
479 914 640 989 caveatis3
668 931 730 973 nec
757 914 899 990 aliquem
928 929 997 973 sae·

241 1014 384 1073 cularem
405 1023 530 1072 temere
546 1011 715 1072 iudicetis:
735 1012 888 1088 quoniam
906 1012 997 1071 Deus

241 1110 396 1171 iudicabit
425 1127 541 1170 omnes
570 1109 683 1186 iniqua
711 1119 854 1186 agentes.
900 1109 998 1169 Nulla

241 1208 337 1284 igitur
371 1226 449 1268 cura
479 1208 574 1268 vobis
609 1208 652 1268 sit
688 1209 727 1268 de
763 1209 1020 1284 temporalibuss

241 1307 339 1365 rebus
368 1306 528 1382 cogitare,
558 1323 619 1365 nec
650 1306 725 1365 inde
756 1306 909 1367 fabulari:
939 1309 997 1368 sed

240 1413 364 1463 tantum
377 1405 416 1464 de
432 1404 591 1479 spirituali
604 1404 753 1480 profectu
769 1405 802 1464 in
814 1406 998 1480 virtutibus,

241 1512 271 1562 et
286 1504 327 1563 de
343 1502 500 1562 remediis
511 1502 664 1562 vitiorum
678 1513 872 1563 vestrorum.
898 1503 998 1566 Com·

240 1600 375 1660 mittatis
391 1599 501 1659 omnia
516 1600 678 1659 exteriora
694 1610 725 1659 et
736 1601 866 1675 negotia
881 1601 997 1661 domus

240 1698 310 1757 Deo
347 1697 490 1773 regenda
526 1706 558 1756 et
593 1696 746 1772 praelatis
778 1698 898 1757 vestris
934 1699 1034 1759 dis-10

239 1795 407 1870 ponenda:
429 1794 483 1871 qui
500 1795 659 1855 rationem
676 1794 812 1855 reddent
828 1795 861 1854 in
877 1796 997 1857 iudicio

239 1895 278 1954 de
302 1894 365 1954 sibi
389 1893 587 1954 commissis.
622 1894 690 1953 Vos
713 1903 817 1954 estote
840 1894 943 1969 pacati
966 1904 998 1953 et

239 1992 321 2068 grati
352 1993 392 2052 de
422 1992 604 2053 ministerio
632 1991 795 2052 cotidiano
823 1993 916 2052 vobis
945 2011 998 2053 ex·

239 2090 355 2164 hibito,
378 2091 521 2152 contenti
544 2090 716 2167 stipendiis
731 2090 851 2150 vestris
866 2090 898 2150 in
910 2091 997 2150 victu

239 2199 272 2248 et
295 2187 417 2247 vestitu
447 2189 631 2248 moderato:
659 2205 725 2247 non
755 2187 900 2263 curiosa,
932 2205 997 2247 non
1010 2206 1034 2246 15

237 2284 427 2361 superflua,
466 2303 532 2345 non
569 2285 714 2346 recentia
748 2302 814 2344 non
850 2286 998 2345 molliora

237 2393 455 2460 quaerentes:
477 2383 536 2443 sed
552 2384 636 2442 sicut
651 2382 728 2442 boni
749 2382 917 2458 simplices
940 2382 996 2442 lilii

239 2480 303 2541 Dei
333 2480 406 2540 sine
428 2482 562 2557 querela
590 2490 622 2540 et
649 2479 884 2556 disceptatione
914 2480 999 2540 inter

239 2578 360 2638 fratres
387 2588 639 2638 conversantes:
669 2578 820 2653 indignos
843 2595 902 2638 vos
931 2595 997 2637 om-

237 2676 338 2735 nibus
360 2675 413 2734 his
434 2675 616 2749 beneliciiS,
637 2692 678 2734 ex
698 2674 880 2734 humilitate
903 2692 1033 2751 repu-ao

238 2774 327 2834 tetis,
370 2774 506 2832 Ferveat
529 2789 622 2831 mens
645 2782 754 2832 vestra
782 2772 815 2831 in
846 2773 997 2831 caelestis

239 2871 332 2948 regni
356 2869 546 2931 desideriis:
572 2869 659 2929 etin
682 2869 810 2929 devotis
832 2869 997 2929 exercitiis

239 2969 325 3028 alius
354 2968 453 3028 alium
476 2968 602 3043 praeire
632 2978 785 3044 conetur3
814 2978 845 3027 et
870 2978 998 3044 praeter

239 3066 413 3127 Christum
443 3076 475 3125 et
499 3067 586 3125 hunc
615 3065 807 3125 crucifixum
836 3065 883 3125 nil
912 3066 996 3125 scire

238 3181 303 3225 nec
325 3163 466 3240 cogitare
489 3163 603 3223 libeat:
626 3173 788 3238 quatenus
804 3163 913 3223 omnia
927 3180 996 3222 sae·
1006 3182 1033 3222 25

238 3262 363 3322 cularia
385 3272 417 3321 et
432 3261 573 3321 carnalia
589 3278 628 3321 ex
646 3280 757 3322 amore
773 3271 805 3321 et
820 3261 996 3320 condolore

239 3360 401 3423 Crucifixi
417 3359 450 3419 in
466 3376 621 3419 nauseam
638 3369 823 3433 vertantur3
841 3368 873 3418 et
887 3358 996 3433 paeni-

237 3459 361 3519 tentiae
386 3459 477 3518 labor
497 3457 608 3516 brevis
639 3467 670 3516 et
700 3456 805 3516 iacilis
828 3455 921 3515 vobis
944 3472 996 3530 ap-

238 3567 366 3633 pareat:
399 3566 431 3615 et
459 3554 631 3629 disciplina
660 3553 819 3629 regularis
848 3554 933 3613 vitae
963 3554 995 3612 in

239 3654 449 3714 dulcedinem
461 3654 604 3713 etbonae
616 3652 837 3712 conscientiae
850 3652 995 3711 iucundi·
1005 3669 1032 3709 ao

239 3762 339 3812 tatem
350 3767 409 3828 per
424 3751 571 3826 singulos
583 3750 653 3810 dies
665 3760 882 3810 convertatur.
905 3748 995 3808 Tunc

270 3856 420 3898 iitomaeaK.
430 3852 514 3907 Opera.
524 3854 561 3897 Vl.
607 3856 634 3896 33
877 3855 890 3894 3
