2692 4659
354 672 516 723 &ffiffi
544 670 707 712 SERMONES
722 670 762 711 ΑΙ)
778 669 927 712 NOVICIOS
952 670 1118 723 &ww

356 806 535 866 orationem
568 814 599 864 et
630 791 859 863 contritionem
896 814 1118 880 peccatorum,

356 921 430 964 cum
454 902 547 963 firmo
569 901 735 979 proposito
758 901 873 977 agendi
889 919 1021 977 semper
1040 919 1117 979 pae-

356 1001 542 1062 nitentiam:
565 1010 599 1060 ut
621 1000 788 1076 possimus
810 1016 868 1075 per
897 1001 983 1059 hunc
1006 999 1115 1060 levem

357 1100 500 1160 laborem
517 1110 549 1159 et
563 1100 697 1158 brevem
714 1098 870 1172 dolorem,
890 1098 1013 1157 aeterni
1030 1098 1117 1175 ignis

334 1196 497 1257 sevadere
525 1214 675 1273 poenam.
719 1197 785 1255 Pax
816 1205 927 1255 nostra
958 1206 990 1256 et
1021 1196 1118 1273 quies

357 1294 462 1353 bonae
484 1293 569 1354 vitae
592 1303 642 1353 est
663 1292 697 1352 in
714 1292 815 1352 multa
829 1291 984 1367 patientia
999 1309 1118 1352 secun·

358 1393 434 1452 dum
467 1391 563 1451 vitam
589 1389 715 1451 Christi
747 1400 779 1449 et
809 1390 958 1465 exempla
989 1401 1117 1451 sancto·

359 1507 448 1565 rum3
476 1506 541 1549 non
564 1489 596 1547 in
620 1490 715 1565 longa
737 1488 812 1564 fuga
833 1505 892 1564 per
918 1488 989 1547 loca
1010 1488 1117 1549 arida:

359 1606 420 1648 nec
442 1588 474 1647 in
497 1587 648 1647 navicula
667 1605 726 1663 per
741 1587 875 1647 flumina
890 1586 1118 1647 transmarina.

325 1702 349 1742 ro
360 1688 455 1746 Ionas
476 1687 633 1761 propheta
656 1685 769 1761 fugere
789 1684 892 1744 voluit
913 1703 931 1744 a
954 1684 1037 1744 facie
1053 1685 1119 1744 Do·

359 1784 455 1844 mini:
487 1800 604 1843 navem
627 1783 784 1858 ascendit,
806 1784 864 1842 sed
887 1783 968 1842 nihil
992 1782 1021 1842 ei
1045 1800 1119 1858 pro·

360 1881 430 1941 fuit.
472 1881 616 1941 Tradidit
638 1898 674 1940 se
697 1882 824 1956 sopori,
853 1881 997 1957 quietem
1020 1898 1119 1957 quae·

359 1978 452 2039 sivit:
475 1979 533 2038 sed
556 1995 620 2037 non
644 1978 779 2039 invenit.
823 1980 937 2040 Latere
960 1996 996 2038 se
1014 1979 1120 2038 credi-

360 2077 415 2151 dit,
437 2077 495 2136 sed
512 2076 602 2135 Deus
618 2076 842 2137 absconditum
860 2077 1015 2152 prodidit:
1038 2087 1119 2137 tem-

326 2192 350 2233 15
359 2183 518 2250 pestatem
541 2174 652 2249 movit,
675 2185 707 2234 et
729 2192 817 2234 mare
839 2174 989 2235 turbavit.
1025 2173 1118 2234 Tunc

361 2271 576 2332 dormientem
600 2281 717 2331 nautae
734 2272 874 2332 excitant
895 2272 1066 2347 increpant
1088 2283 1120 2333 et

361 2370 393 2429 in
425 2386 540 2445 aquam
572 2369 751 2444 proiciunt:
787 2369 840 2445 qui
873 2386 948 2428 mox
979 2387 998 2428 a
1028 2369 1120 2445 pisce

361 2466 547 2542 deglutitus,
569 2466 662 2543 quasi
680 2466 836 2542 fugitivus
856 2476 888 2526 et
903 2466 1121 2526 inoboediens

361 2566 394 2624 in
425 2574 540 2624 ventre
571 2564 633 2623 ceti
666 2582 724 2640 pro
760 2566 856 2639 culpa
886 2564 1120 2624 incarceratur.

325 2661 525 2722 zoClamavit
557 2678 633 2737 ergo
663 2660 695 2720 in
725 2672 793 2721 arto
816 2677 947 2720 carcere
970 2662 1121 2721 clausus:

362 2759 531 2834 oravitque
567 2757 744 2817 Dominum
781 2768 816 2817 ut
851 2758 1045 2818 liberaretur
1080 2759 1120 2819 de

362 2858 459 2919 tantis
482 2855 637 2932 periculis
659 2855 760 2914 maris
782 2865 813 2914 et
837 2855 986 2931 angustia
1008 2856 1120 2931 piscis.

362 2954 506 3014 Tandem
529 2969 607 3012 vero
637 2952 725 3011 omni
749 2954 891 3012 humano
922 2953 1043 3013 auxilio
1066 2954 1121 3014 de-

363 3052 506 3126 stitutus,
528 3051 680 3127 cognovit
702 3051 734 3110 in
757 3051 934 3110 afflictione
963 3069 1023 3111 sua
1045 3052 1122 3129 quia

327 3167 480 3211 asmanus
503 3149 563 3208 Dei
594 3148 740 3225 effugere
769 3149 972 3224 impossibile
994 3160 1061 3211 est:
1091 3162 1123 3211 et

364 3248 484 3308 divinis
506 3248 660 3308 oboedire
678 3248 860 3324 praeceptis
875 3248 1039 3308 tutissima
1054 3250 1122 3310 ani-

364 3362 436 3405 mae
459 3346 557 3405 salus.
600 3345 673 3404 Non
702 3361 778 3421 ergo
808 3345 970 3421 fugiamus
992 3346 1123 3407 iabores

365 3454 396 3504 et
414 3442 579 3518 angustias
594 3460 652 3517 pro
668 3442 773 3502 salute
788 3452 899 3502 nostra
913 3442 946 3501 in
963 3443 1123 3520 religione

365 3541 525 3615 subortam,
547 3541 586 3600 de
609 3539 729 3615 quibus
758 3550 852 3600 antea
874 3540 1123 3618 nesciebamus3

328 3640 423 3699 sosed
446 3649 571 3699 stemus
603 3637 756 3712 firmiter,
787 3648 951 3698 certemus
973 3637 1123 3716 viriliter,

365 3738 576 3798 oboediamus
592 3735 800 3796 festinanter:
821 3752 952 3795 oremus
969 3735 1124 3813 frequen-

724 3840 751 3883 at
