2692 4659
242 542 1003 600 ΘΒἚΘΒἛΘΒΣΜΜΘΕΜΘΖΘΜΝ

243 694 263 735 a
281 676 423 735 Domino
445 677 500 736 diu
523 687 598 737 ante
613 678 759 752 petierat.
789 677 880 739 Obiit
894 690 1001 739 autem

244 772 338 849 virgo
360 773 599 848 patientissima
621 775 691 833 Deo
721 784 753 834 et
781 776 906 851 angelis
933 794 1003 854 gra-

244 869 384 944 tissima,
397 870 640 930 decimooctavo
654 872 811 931 Kalendis
824 873 913 948 Maii,
931 874 1002 949 ipso

244 967 298 1027 die
321 977 508 1028 sanctorum
532 978 710 1045 martyrum
733 967 869 1029 Tiburtii
892 981 924 1030 et
942 971 1003 1030 Va-

245 1064 383 1168 leoriani3
418 1082 503 1124 anno
541 1066 733 1126 Dominicae
770 1066 1025 1129 incarnationiss

246 1172 302 1231 ltt·
337 1172 658 1249 quadringentesimo
695 1174 862 1234 tricesimo
898 1175 1003 1250 tertio,

245 1269 329 1329 leria
357 1270 452 1330 tertia
480 1270 564 1330 inira
591 1281 723 1332 octavas
752 1275 891 1348 paschae
919 1273 1005 1333 circa

245 1377 393 1443 quartam
406 1369 518 1427 horam
530 1379 603 1443 post
614 1386 780 1446 vesperas,
795 1388 879 1430 anno
890 1371 1004 1430 aetatis

245 1480 327 1523 suae
343 1464 614 1542 quinquagesimo
626 1466 737 1527 tertio:
753 1468 808 1543 qui
822 1470 1002 1529 secundum

245 1579 380 1622 cursum
414 1562 646 1638 festivitatum,
682 1566 865 1640 completus
900 1566 1004 1626 iuerat
1016 1581 1040 1620 10

244 1670 322 1720 ante
345 1670 482 1720 mortem
506 1660 580 1719 eius
602 1661 635 1720 in
658 1662 710 1721 die
734 1663 923 1737 palmarum.
967 1664 1005 1723 Et

245 1757 485 1818 convenienter
509 1757 588 1817 satis
611 1759 681 1817 Deo
711 1759 900 1819 moderante
925 1771 1004 1820 tem-

245 1874 364 1933 porum
389 1856 479 1916 vices
504 1856 536 1915 in
566 1857 768 1916 hebdomada
795 1857 939 1932 paschali
965 1875 1003 1917 ex

246 1957 310 2015 hoc
326 1955 458 2014 saeculo
475 1953 641 2030 migravit;
663 1965 698 2014 ut
713 1971 796 2029 quae
814 1956 909 2031 longo
924 1964 1004 2014 tem-

245 2067 327 2128 pore
349 2050 513 2127 particeps
535 2051 640 2109 luerat
665 2050 854 2125 passionum
878 2052 1003 2112 Christi
1016 2070 1041 2110 rs

245 2148 434 2208 meditando
457 2149 701 2225 compatiendo:
724 2150 820 2208 etiam
836 2167 909 2209 cum
934 2149 1004 2224 ipso

245 2246 279 2305 in
303 2255 417 2305 sancta
439 2246 615 2306 festivitate
640 2246 784 2321 paschali
808 2246 1005 2307 laetissimae
1100 2285 1103 2291 ι

246 2344 502 2405 resurrectionis
532 2344 622 2418 eiuS,
657 2344 696 2403 ad
733 2355 884 2404 aeternae
920 2345 1005 2405 vitae

244 2444 364 2521 gaudia
378 2443 540 2503 transiret.
570 2441 660 2503 Obiit
676 2452 783 2501 autem
801 2443 903 2502 electa
914 2442 1004 2519 virgo

247 2542 374 2603 Christi
399 2542 498 2602 variis
519 2540 764 2601 tribulationum
789 2540 907 2599 ictibus
929 2557 1041 2599 con-20

246 2657 362 2715 cussa3
393 2637 565 2714 completis
596 2638 635 2696 ab
667 2636 800 2695 exordio
832 2637 1005 2713 aegritudi-

247 2756 326 2798 num
359 2753 491 2796 suarum
527 2733 657 2810 triginta
693 2744 766 2791 octo
802 2732 915 2807 annis,
950 2733 1005 2792 tri·

247 2836 373 2896 cesimo
395 2851 482 2893 nono
507 2833 653 2907 incepto:
683 2831 871 2907 angelorum
895 2830 1005 2889 choris

248 2936 344 3011 digna
375 2932 547 3006 associari,
578 2947 662 3007 quae
694 2929 872 3006 angelicam
906 2928 1004 2987 vitam

248 3033 280 3092 in
303 3029 497 3091 castimonia
520 3046 538 3087 a
561 3026 742 3104 puerilibus
765 3026 859 3085 annis
882 3025 1041 3089 studuitzs

250 3129 378 3190 imitari.

601 3309 654 3363 δ’*
