2692 4659
256 696 1006 753 ammosausemsuaetmaeaaetoaesa

256 833 332 893 tltra
354 833 455 893 multa
477 832 566 892 milia
588 831 688 891 taxari
718 848 784 890 non
813 830 916 906 possit
944 847 1006 890 nec

256 930 286 989 le
311 929 398 989 facili
422 930 586 1005 explicari.
616 931 699 990 Nam
722 928 814 1004 pueri
838 928 934 988 trium
954 927 1006 986 vel

256 1036 388 1104 {uatuor
409 1044 569 1087 annorum
592 1026 685 1104 quasi
708 1025 747 1084 ad
776 1025 1005 1085 ambulandum

256 1125 437 1200 ›raecincti
448 1135 512 1185 tam
523 1123 704 1184 affectuose
716 1123 904 1183 currebant:
920 1121 1006 1198 quod

256 1223 346 1283 :tiam
369 1223 521 1283 homines
543 1233 717 1300 provectae
734 1206 855 1282 aetatis*
870 1222 908 1280 ad
931 1220 1031 1279 visi-5

259 1321 404 1381 ationem
420 1330 581 1380 tantarum
599 1320 809 1396 reliquiarum
822 1319 1006 1379 incitabant.

256 1419 382 1478 ?oterat
413 1428 490 1477 tunc
521 1418 613 1495 virgo
650 1418 759 1476 dicere
796 1417 823 1475 si
855 1415 1007 1475 vixisset:

256 1515 349 1576 sinite
372 1517 526 1591 parvulos
548 1514 661 1574 venire
678 1515 717 1574 ad
740 1532 802 1589 me,
824 1514 935 1574 talium
959 1522 1008 1572 est

256 1614 338 1674 enirn
369 1631 504 1691 regnum
535 1613 711 1673 caelorum.
760 1612 902 1689 Ingressi
932 1628 1008 1686 ergo

256 1712 384 1771 lomum
409 1711 442 1770 in
465 1728 528 1787 qua
558 1712 657 1770 funus
686 1720 834 1769 sanctum
864 1719 948 1785 erat3
978 1718 1009 1768 et
1021 1728 1045 1768 ro

256 1810 327 1885 ruia
349 1809 459 1885 pusilli
490 1818 613 1869 statura
634 1808 727 1884 pueri
753 1818 861 1881 erant,
889 1825 950 1867 nec
973 1824 1009 1867 se

256 1908 289 1967 ad
313 1907 490 1966 videndum
514 1923 633 1982 corpus
656 1906 689 1965 in
715 1906 786 1965 loco
809 1906 862 1965 uhi
886 1905 1010 1964 iacebat

256 2004 379 2081 erigere
410 2012 578 2078 poterant:
614 2003 745 2079 plurimi
778 2021 891 2062 eorum
923 2002 1009 2062 voci·

256 2101 398 2161 lerantes
428 2118 465 2160 ac
496 2102 646 2161 dolentes
680 2101 839 2160 dicebant.
892 2099 1010 2158 Nonne

256 2216 313 2275 ego
343 2198 460 2258 videbo
483 2199 567 2258 hanc
592 2198 770 2273 virginem3
799 2214 856 2273 pro
885 2214 948 2272 qua
970 2196 1009 2255 de
1023 2220 1046 2259 ιε

256 2307 317 2357 tam
333 2296 513 2372 longinquo
528 2296 632 2356 veni?
661 2295 751 2355 Tunc
767 2304 910 2355 astantes
925 2295 1010 2353 leva-

256 2394 329 2452 bant
353 2409 412 2451 eos
440 2393 479 2452 ad
508 2394 681 2453 videndam
712 2394 828 2452 faciem
858 2392 1011 2467 virginis:

256 2502 284 2552 et
294 2500 370 2568 post
380 2491 541 2550 visionem
554 2491 753 2551 remiserunt
764 2509 821 2552 eos
833 2491 870 2550 ad
882 2490 1012 2566 propria

256 2606 328 2649 eum
352 2589 565 2667 eleemosyna
586 2590 714 2649 candidi
737 2592 840 2666 panis,
871 2592 908 2651 Et
925 2590 1011 2665 quod

256 2688 394 2764 amplius
417 2688 600 2749 mirandum
624 2699 684 2765 est,
714 2688 806 2749 affuit
828 2689 923 2748 etiam
947 2704 1048 2747 ma-ao

256 2796 347 2846 trona
378 2786 537 2862 quaedam
568 2804 640 2846 curn
672 2787 806 2862 parvulo
832 2803 892 2844 suo
915 2786 1012 2845 unius

256 2885 329 2944 anni
354 2894 386 2944 et
408 2885 505 2943 trium
529 2885 711 2958 mensium;
734 2885 788 2961 qui
812 2883 942 2959 quidem
966 2883 1013 2941 in-

256 2981 400 3041 iantulus
423 2983 626 3058 complicatis
648 2983 799 3042 manibus
815 2992 847 3041 et
870 2981 951 3041 facie
974 2981 1012 3040 ad

257 3081 355 3139 funus
366 3096 537 3154 conversa,
550 3082 664 3140 oculos
675 3098 754 3140 suos
766 3081 809 3139 ita
824 3090 1014 3140 reverenter

256 3187 286 3237 et
301 3176 429 3237 seriose
446 3178 478 3236 in
494 3178 573 3237 illud
590 3179 737 3238 retorsit:
758 3177 843 3253 quod
860 3178 1013 3238 custodes
1022 3199 1049 3238 25

256 3285 287 3335 et
315 3291 505 3335 assessores
534 3277 616 3335 sacri
650 3276 777 3336 funeris
806 3275 1013 3335 devotionem

256 3372 406 3433 infantuli
423 3373 573 3432 videntes
593 3384 625 3433 et
645 3373 843 3433 admirantes
866 3374 904 3433 ad
922 3373 1014 3433 lacri-

257 3487 326 3529 mas
349 3470 573 3530 movebantur.

611 3628 664 3683 ὃὸ

617 3871 658 3910 445
