2692 4659
192 833 194 840 ·
240 812 308 873 ideo
331 813 554 873 necessarium
577 823 627 872 est
645 822 775 872 nostros
792 829 909 888 pravos
925 829 992 871 mo·

243 928 291 971 res
312 929 369 987 per
383 921 502 971 statuta
516 909 630 970 artari:
652 918 685 970 et
707 910 799 986 quasi
816 909 992 969 indomitos

244 1010 342 1084 pullos
363 1009 404 1068 ad
425 1008 568 1084 stipitem
592 1018 723 1068 sanctae
739 1008 847 1067 crucis
862 1025 920 1084 pro
936 1026 992 1067 no·

246 1108 323 1167 mine
346 1107 420 1167 lesu
444 1106 552 1182 ligari3
581 1122 622 1166 ne
651 1107 833 1166 secundum
863 1106 993 1181 propria
1071 1141 1076 1146 ·

248 1205 398 1265 desideria
412 1204 563 1279 vivendo,
585 1204 790 1264 declinemus
805 1222 823 1263 a
838 1205 890 1264 via
905 1215 1015 1264 rectas

249 1313 439 1363 sanctorum:
461 1302 516 1378 qui
538 1319 597 1378 per
613 1312 782 1377 angustam
798 1314 922 1378 portam
946 1303 993 1361 in·

249 1409 403 1461 traverunt
424 1400 463 1459 ad
485 1417 621 1475 regnum
638 1400 813 1459 caelorum.
850 1399 993 1461 Oremus

249 1517 313 1578 ergo
341 1519 399 1577 pro
428 1500 569 1561 invicem
600 1509 634 1560 ut
657 1500 748 1559 Deus
771 1498 902 1558 adiuvet
932 1515 993 1557 nos

249 1609 274 1659 et
291 1600 451 1659 confortet
472 1597 505 1657 in
528 1597 616 1657 omni
632 1597 840 1657 tribulatione
862 1606 894 1656 et
913 1606 993 1656 tem-

249 1697 378 1770 ptatione
401 1706 528 1756 nostra:
557 1705 590 1755 et
611 1694 772 1756 custodiat
799 1694 838 1753 ab
860 1693 1028 1754 infesta-ro

247 1793 324 1855 tione
345 1803 378 1854 et
399 1793 594 1869 deceptione
616 1792 758 1867 inimici,
787 1792 842 1867 qui
872 1792 992 1867 ubique

246 1891 350 1952 circuit
372 1908 535 1968 quaerens
557 1908 655 1967 quem
679 1891 830 1965 devoret3
852 1897 884 1949 et
905 1890 991 1967 quali

244 2001 303 2050 arte
338 1990 480 2066 aliquem
517 1990 557 2049 de
593 1988 701 2048 medio
733 1988 993 2063 congregationis

243 2090 338 2149 trahat
359 2088 399 2147 ad
415 2088 600 2147 saeculum:
622 2096 654 2146 et
676 2085 716 2145 de
731 2086 862 2145 saeculo
885 2086 923 2144 ad
946 2086 993 2144 in-

241 2185 375 2246 fernum.
429 2185 474 2245 ibi
506 2186 595 2245 nulla
625 2194 676 2243 est
706 2184 903 2259 redemptio,
934 2185 1029 2243 sedis

240 2284 457 2360 sempiternus
473 2285 589 2343 horror
604 2281 777 2357 inhabitat3
799 2282 843 2341 ibi
866 2282 992 2341 animae

236 2393 396 2458 quaerunt
419 2391 555 2441 mortem
579 2390 610 2440 et
636 2396 702 2439 non
732 2380 919 2439 inveniunt:
948 2378 992 2438 ibi

235 2480 423 2539 cruciantur
451 2478 503 2538 die
531 2495 569 2537 ac
591 2488 687 2538 nocte
715 2478 748 2537 in
777 2478 852 2553 igne
875 2488 907 2537 et
928 2478 993 2536 sul·

232 2579 356 2654 phure;
388 2576 464 2653 quia
493 2576 547 2636 hic
575 2576 737 2635 modicam
760 2593 855 2651 agere
884 2575 993 2650 paeni·

232 2675 368 2735 tentiam
390 2675 584 2734 noluerunt:
607 2684 639 2733 et
657 2682 788 2749 tempus
810 2690 906 2732 suum
929 2683 1030 2733 tarnao

232 2790 318 2833 vane
341 2782 373 2832 et
395 2772 600 2832 infructuose
622 2763 857 2846 expenderunt.

274 2871 405 2930 Fratres
441 2886 507 2929 non
543 2885 739 2945 quaeramus
781 2868 924 2944 quietem
962 2879 993 2929 et

231 2968 442 3029 commodum
465 2966 573 3026 carnis
595 2966 680 3025 sicut
702 2966 905 3040 saeculares3
936 2966 994 3024 sed

232 3066 379 3125 laborem
403 3074 435 3124 et
459 3063 606 3123 dolorem
635 3080 694 3138 pro
723 3063 882 3137 peccatis:
914 3064 993 3122 resi-

233 3174 360 3223 stamus
388 3161 477 3221 vitiis
508 3177 607 3235 saepe
637 3159 831 3234 ieiunando,
862 3160 1029 3235 orando‚2s

233 3260 383 3337 legendo,
406 3258 601 3319 meditando.
645 3256 746 3319 Certe
774 3274 840 3316 non
863 3258 993 3317 habebi-

234 3376 308 3418 mus
330 3375 445 3434 pacem
468 3366 501 3417 et
516 3356 658 3432 quietem
675 3365 908 3431 superterram
925 3356 993 3414 ubi-

235 3473 375 3533 cumque
392 3455 554 3516 fuerimus
569 3454 621 3513 vel
637 3454 734 3513 etiam
751 3453 994 3529 perrexerimus

235 3571 292 3629 pro
314 3551 438 3613 solacio
461 3552 626 3611 habendo:
654 3551 707 3611 vel
730 3568 787 3627 pro
817 3550 922 3611 taedio
945 3568 993 3610 re·

236 3651 382 3726 levando,
394 3659 449 3709 aut
459 3666 517 3725 pro
529 3649 648 3708 laboris
657 3666 758 3708 onere
767 3648 978 3708 diminuendo
985 3668 993 3723 ;
1003 3667 1029 3707 so

236 3748 296 3809 nisi
325 3756 557 3809 convertamus
586 3764 646 3805 nos
675 3747 714 3806 ad
737 3745 908 3808 Christum
934 3764 993 3822 per

599 3852 625 3893 37
