2692 4659
260 692 1029 749 &sennensemsuaramtoaoromroso

264 842 434 902 mescere‚
456 844 493 886 ac
509 836 632 888 tantum
656 828 749 889 lactis
771 829 908 888 habere:
931 847 1030 906 quan·
1056 874 1059 883 ,

265 933 338 983 tum
355 924 451 984 beata
465 925 556 1002 virgo
578 927 617 986 ad
633 926 816 987 lactandum
829 925 1029 987 Salvatorem

266 1031 423 1082 nostrum
446 1022 479 1082 in
502 1023 659 1083 uberibus
682 1024 752 1084 suis
773 1024 930 1101 virgineis
959 1042 1030 1101 per-

268 1120 375 1196 cepit:
396 1137 470 1179 cum
487 1120 520 1179 in
536 1121 642 1181 lucem
659 1121 771 1182 mundi
789 1122 959 1183 Christum
976 1140 1030 1199 pe·

266 1217 424 1295 perisset.
457 1218 582 1279 Idcirco
598 1221 636 1280 ad
652 1220 901 1282 similitudinem
917 1221 1052 1281 beataes

267 1315 574 1393 virginis‚omnium
586 1318 721 1378 aliarum
732 1319 1031 1379 uberavidebantur

269 1415 356 1474 lacte
380 1414 516 1490 repleri:
532 1415 564 1475 in
580 1415 710 1492 signum
727 1418 813 1493 quod
836 1434 951 1477 omnes
966 1416 1030 1476 vir·

267 1512 367 1588 gines
390 1511 465 1571 illae
480 1512 519 1572 ad
535 1513 718 1573 lactandum
736 1514 915 1574 Dominum
939 1523 1030 1574 erant

269 1619 366 1687 aptae
388 1619 420 1669 et
435 1609 560 1686 dignae.
594 1611 668 1670 Erat
684 1620 791 1671 autem
808 1620 843 1671 ut
853 1612 944 1689 virgo
960 1612 1030 1688 ipsa

270 1708 453 1769 testabatur
484 1717 547 1768 tam
580 1707 809 1769 inenarrabilis
841 1710 884 1769 ibi
911 1710 1066 1787 gloria31o

270 1823 371 1885 quam
404 1823 466 1865 nec
498 1807 613 1866 oculus
636 1807 733 1882 vidit,
765 1824 826 1867 nec
857 1808 945 1867 auris
977 1825 1031 1867 au-

271 1904 365 1979 divit,
387 1903 497 1963 necin
513 1921 571 1963 cor
592 1904 736 1964 hominis
759 1905 921 1964 ascendit:
944 1905 1030 1981 quod

270 2019 334 2062 nec
364 2002 474 2078 lingua
496 2002 649 2078 exprimi,
678 2020 739 2063 nec
762 2003 868 2064 littera
895 2012 1031 2080 possent

271 2100 386 2160 omnia
400 2099 509 2160 scribi.
542 2101 675 2161 Interim
687 2101 786 2161 vidua
800 2099 1030 2178 promissionis

271 2198 439 2275 praefatae
454 2216 590 2274 memor,
605 2198 786 2275 ingreditur
800 2199 839 2259 ad
854 2198 1066 2275 virginem315

273 2314 359 2374 quae
375 2297 476 2356 ubera
496 2314 556 2356 sua
577 2314 675 2356 manu
691 2306 801 2357 terens
817 2306 903 2357 tanta
920 2296 1030 2355 fecun-

273 2394 375 2454 ditate
397 2394 489 2453 lactis
511 2393 696 2469 abundavit,
718 2394 804 2470 quod
826 2393 923 2454 vidua
945 2394 1030 2454 trino

273 2493 434 2554 labiorum
461 2501 565 2552 tractu
587 2492 702 2552 satiata
724 2492 800 2551 fuit:
830 2501 862 2552 et
882 2492 1031 2567 pluribus

272 2592 391 2653 diebus
407 2608 425 2649 a
440 2590 603 2650 desiderio
626 2589 819 2649 comedendi
842 2590 1031 2665 permansit.

274 2690 312 2749 Et
335 2687 400 2748 nisi
422 2686 513 2763 virgo
543 2686 713 2746 iussisset:
735 2704 753 2745 a
776 2685 934 2762 corporali
958 2685 1066 2745 ciboro

274 2785 416 2847 faciliter
437 2784 658 2845 abstinuisset.
696 2784 774 2843 Post
796 2785 876 2843 haec
899 2800 1029 2859 quoque

274 2884 412 2944 eandem
428 2882 561 2959 gratiam
585 2890 617 2941 et
632 2881 792 2941 visionem
815 2898 874 2958 per
889 2889 1032 2940 contem·

274 2981 452 3058 plationem
469 2979 597 3039 duobus
611 2989 665 3038 aut
681 2979 785 3039 tribus
801 2978 873 3038 aliis
888 2978 983 3037 annis
999 2978 1031 3037 in

274 3078 378 3139 sacris
393 3076 551 3136 uberibus
566 3076 636 3135 suis
651 3085 861 3153 perceperat3
883 3075 941 3135 sed
957 3075 1033 3152 quia

274 3185 393 3236 statuta
407 3176 489 3234 hora
503 3173 558 3251 qui
580 3174 732 3250 probaret
747 3190 812 3232 non
829 3172 936 3234 affuit:
958 3173 1068 3233 ideozs

274 3273 408 3350 gratiam
425 3272 563 3332 oblatam
580 3288 677 3331 nemo
688 3270 838 3348 gustavit.
870 3271 1033 3331 Laudetur

276 3388 350 3448 ergo
375 3370 531 3432 Christus
554 3370 594 3430 de
616 3369 742 3446 virgine
771 3378 883 3445 natus3
912 3369 966 3445 qui
994 3369 1033 3428 ad

277 3468 490 3528 roborandam
513 3467 610 3528 fidem
626 3467 829 3527 credentium
845 3484 905 3542 per
919 3483 1033 3542 opera:

278 3566 417 3628 ostendit
436 3566 638 3641 temporibus
655 3566 778 3626 nostris
793 3566 826 3625 in
844 3567 905 3625 hac
922 3572 1034 3623 sancta

278 3664 426 3742 languida
439 3663 566 3740 virgine
582 3664 742 3740 stupenda
756 3663 914 3742 quaedam
937 3661 1032 3722 mira·
1041 3682 1069 3723 ao

281 3762 357 3823 cula.

634 3865 676 3909 ata
