2692 4659
267 825 336 867 mae
359 824 455 867 suae:
478 815 509 866 et
532 807 632 867 multo
655 805 774 866 melius
790 822 886 881 quam
902 807 1020 884 aliquis

267 910 436 970 hominum
459 909 623 986 praescire
639 909 743 984 potuit
758 919 813 969 aut
827 906 1020 983 excogitare.

268 1009 304 1068 Et
326 1007 458 1084 quidem
490 1007 645 1067 tertianas
679 1006 788 1066 febres
820 1025 878 1084 per
906 1006 1020 1065 decem

267 1116 297 1166 et
318 1115 445 1181 septem
475 1122 579 1165 annos
601 1115 633 1165 et
654 1105 794 1181 amplius
824 1102 1021 1164 sustinebat:

266 1222 346 1281 quas
357 1220 416 1279 pro
428 1203 532 1262 salute
547 1212 579 1262 et
590 1202 814 1279 redemptione
830 1202 1045 1274 animarum,5

266 1303 406 1362 libenter
421 1318 476 1360 eas
495 1318 600 1377 usque
616 1302 654 1360 ad
671 1311 808 1361 mortem
831 1308 940 1378 parata
963 1297 1023 1357 fuit

266 1400 441 1460 sustinere.
474 1398 598 1458 Harum
620 1398 759 1458 febrium
780 1414 934 1458 accessus
949 1395 1022 1455 talis

267 1507 345 1557 erat.
390 1497 472 1556 Nam
509 1496 614 1572 primo
650 1496 788 1556 habebat
822 1493 1022 1555 indicibilem

266 1596 426 1654 calorem:
438 1610 535 1669 quem
547 1592 724 1653 indicibilis
737 1593 895 1669 frigiditas
906 1607 1022 1666 seque-

265 1693 369 1752 batur.
412 1691 540 1751 Deinde
571 1692 689 1752 iterum
719 1690 904 1767 praedictus
935 1688 1023 1747 calor
1034 1707 1058 1748 io

266 1800 297 1849 et
320 1799 434 1865 postea
457 1790 558 1866 frigus
588 1790 754 1849 intensum
777 1788 917 1847 redibat:
939 1802 1022 1862 quae

266 1886 459 1948 vicissitudo
496 1887 565 1947 fere
601 1904 659 1963 per
694 1886 864 1946 dimidium
901 1900 1022 1943 annum

265 1985 411 2046 durabat.
456 1986 573 2047 Postea
601 2003 680 2046 vero
712 1985 850 2044 habebat
886 1982 1022 2043 eandem

266 2084 393 2143 febrem
426 2101 444 2143 a
474 2083 654 2157 contrari03
696 2099 770 2141 nam
807 2082 912 2158 primo
948 2098 1021 2140 cum

266 2197 385 2257 magno
421 2190 452 2240 et
482 2180 639 2240 indicibili
677 2180 813 2256 frigore,
849 2189 881 2239 et
911 2188 1024 2254 postea
1036 2196 1060 2237 15

266 2295 342 2336 cum
367 2278 472 2337 valido
502 2277 626 2338 calore:
654 2277 709 2353 qui
737 2277 858 2337 tamdiu
881 2276 1025 2351 durabat,

266 2376 374 2435 donec
396 2384 574 2451 tempestas
596 2375 727 2451 penitus
750 2374 906 2435 cessabat.
943 2374 1025 2436 Ces-

266 2485 362 2534 sante
392 2485 500 2533 autem
533 2473 623 2533 febre
652 2474 696 2533 ita
724 2472 926 2533 insensibilis
954 2489 1025 2548 per-

265 2571 434 2632 manebat:
464 2572 550 2648 quod
572 2588 609 2630 se
639 2571 742 2646 ipsam
772 2571 936 2647 ignorans,
964 2586 1025 2629 nec

264 2671 381 2730 audire
396 2688 457 2731 nec
472 2670 560 2746 loqui
582 2679 716 2745 poterat.
746 2669 832 2731 Cum
849 2668 936 2728 enim
952 2684 1061 2726 sen-20

265 2769 344 2828 tiret
355 2784 527 2827 accessum
545 2766 685 2826 febrium
702 2767 828 2842 aptabat
838 2782 874 2825 se
886 2765 924 2823 ad
935 2780 1025 2823 exer·

266 2867 343 2925 citia
365 2865 557 2925 Dominicae
582 2864 762 2941 passionis:
793 2861 1026 2923 commendans

267 2982 305 3022 se
322 2973 354 3023 et
370 2980 448 3022 suas
463 2962 636 3037 passiones
652 2960 797 3038 passioni
814 2960 902 3019 illius
917 2959 1025 3035 inquo

266 3063 377 3122 omnia
405 3078 513 3121 amara
536 3061 762 3136 dulcorantur3
792 3060 846 3137 qui
875 3074 946 3118 eam
969 3073 1027 3132 per

266 3178 442 3220 excessum
475 3159 596 3219 mentis
625 3178 643 3219 a
671 3159 897 3235 corporalibus
927 3172 1062 3231 saepeas

267 3257 497 3317 abstrahebat:
521 3257 606 3333 quod
629 3274 690 3316 nec
712 3274 749 3316 se
772 3274 832 3316 nec
854 3255 916 3315 alia
931 3271 1027 3330 quae·

266 3356 348 3416 libet
370 3355 566 3416 advertebat.
600 3355 745 3415 Durante
761 3372 839 3415 vero
855 3355 914 3413 hac
931 3352 1027 3412 febri-

265 3454 382 3528 citare,
414 3453 549 3513 rubeam
572 3454 734 3530 quandam
758 3469 873 3530 aquam
904 3468 962 3526 per
990 3467 1027 3509 os

264 3551 454 3627 emittebat3
476 3552 517 3610 de
541 3568 604 3627 qua
626 3551 825 3626 interrogata
847 3549 932 3609 unde
954 3548 1028 3608 talis

263 3648 404 3709 materia
426 3646 625 3723 proveniret,
654 3663 728 3706 cum
752 3663 813 3705 nec
835 3645 943 3704 cibum
966 3661 1063 3706 necao

264 3759 380 3825 potum
416 3756 579 3805 sumeret:
623 3744 666 3804 ita
707 3761 765 3820 per
800 3742 1025 3820 quaestionem

294 3850 448 3894 ThomaaaK.
459 3848 543 3903 Opera.
559 3849 595 3891 vl.
630 3849 670 3891 337
893 3847 921 3887 22
