2692 4659
355 671 516 725 mmm
534 671 601 713 vira
617 669 781 716 troewtms
797 670 936 713 vitonus
953 669 1106 724 [edm

357 805 546 865 carissimi?
576 805 659 864 Ecce
680 804 743 864 iam
766 803 924 880 proximis
946 803 1109 877 ·x1·annis,

357 903 439 963 nihil
462 902 638 962 aDomino
660 901 772 976 petivi,
794 900 873 977 quin
897 901 994 961 facile
1016 902 1109 978 impe·

357 1011 444 1060 trare
479 1000 589 1076 potui;
625 1000 683 1059 sed
719 1016 806 1059 nunc
843 1007 933 1059 tanto
969 1009 1109 1076 tempore

359 1114 531 1173 suspensa,
552 1097 675 1156 nullam
700 1113 836 1172 prorsus
859 1097 1109 1157 consolationem

335 1196 499 1271 saccipio:
531 1197 659 1255 occulto
682 1203 715 1254 et
737 1203 827 1253 recto
851 1194 912 1254 Dei
939 1194 1061 1255 iudicio
1081 1194 1108 1253 in

359 1310 410 1352 me
442 1293 538 1369 digne
569 1293 739 1353 concitato.
776 1291 985 1354 Oterribilis
1014 1302 1045 1352 et
1069 1291 1109 1350 in·

359 1390 560 1467 vestigabilis
592 1390 793 1466 dispensatio
825 1390 936 1449 divina
972 1391 1006 1450 in
1043 1406 1109 1449 con·

358 1488 443 1548 siliis
458 1505 558 1563 super
574 1488 659 1549 lilios
681 1488 870 1563 hominum;
885 1487 941 1564 qui
958 1485 1110 1548 convertit

359 1602 447 1645 mare
470 1585 503 1644 in
519 1585 652 1660 aridam,
675 1595 707 1645 et
723 1584 821 1644 liores
843 1602 993 1645 rosarum
1017 1585 1048 1644 in
1064 1585 1109 1644 ab·

324 1707 349 1747 ιο
359 1683 516 1742 sinthium
526 1701 533 1742 ε
545 1693 577 1743 et
588 1683 627 1743 de
639 1683 772 1743 dextera
783 1682 873 1758 ponit
888 1682 927 1741 ad
939 1682 1111 1754 sinistram,

360 1781 538 1841 humilians
553 1782 729 1841 sublimem
746 1798 852 1858 usque
867 1782 906 1841 ad
923 1792 1054 1842 terram.
1081 1781 1110 1842 Si

360 1877 457 1954 igitur
494 1880 657 1939 Dominus
693 1890 757 1940 tam
794 1888 929 1939 strenue
966 1879 1111 1940 dilectam

360 1976 421 2035 sibi
439 1976 597 2053 virginem
614 1976 728 2037 afflixit
740 1976 817 2053 quia
831 1976 996 2037 intensius
1014 1977 1113 2037 fidelis

361 2073 469 2149 neptis
505 2075 724 2150 praesentiam
761 2075 899 2134 ablatam
937 2074 1114 2151 deplanxit;

328 2194 352 2235 rs
362 2188 458 2247 quam
473 2172 617 2248 graviter
633 2172 790 2248 puniendi
807 2182 883 2232 sunt
898 2172 953 2248 qui
971 2174 1114 2232 carnales

361 2269 484 2328 amicos
520 2279 552 2329 et
588 2271 718 2331 sodales
754 2271 941 2330 saeculares
977 2270 1114 2331 inaniter

361 2367 526 2443 plangunt.
557 2369 791 2428 Verumtamen
816 2368 911 2428 Pater
934 2368 1114 2428 misericor·

361 2466 486 2525 diarum
509 2477 541 2525 et
562 2467 652 2527 Deus
676 2467 774 2527 totius
796 2466 1033 2526 consolationis
1055 2482 1114 2526 non
1155 2463 1157 2472 '

362 2574 411 2622 est
423 2564 543 2624 oblitus
555 2564 761 2624 lacrimarum
779 2564 919 2623 famulae
932 2581 1012 2624 suae
1023 2580 1113 2641 quam

325 2663 400 2723 zoab
416 2672 550 2722 aeterno
575 2663 688 2739 elegit:
711 2663 769 2722 sed
784 2674 857 2739 post
879 2662 1112 2722 amarissimam

362 2761 537 2836 tristitiam,
561 2761 700 2821 reddidit
722 2761 752 2820 ei
775 2761 1001 2821 dulcissimam
1021 2758 1114 2835 Spiri-

361 2868 414 2917 tus
436 2860 539 2918 sancti
557 2859 814 2918 consolationem
832 2858 1019 2934 praeteritis
1042 2868 1114 2917 tem·

362 2957 495 3031 poribus
527 2956 658 3031 saepius
691 2966 867 3031 expertam.
905 2956 1007 3032 Igitur
1030 2956 1114 3030 virgo

361 3056 400 3113 ad
423 3065 552 3130 tempus
575 3055 720 3114 desolata
742 3064 775 3113 et
798 3064 932 3129 paterne
955 3054 1115 3130 castigata,

324 3152 448 3211 ascirca
478 3153 597 3211 festum
621 3152 817 3212 visitationis
846 3153 960 3211 beatae
984 3152 1114 3223 Mariae,

362 3249 498 3325 virginis
530 3250 700 3309 mirificam
735 3261 766 3309 et
797 3250 1113 3324 superabundantem

362 3346 491 3407 divinae
522 3346 645 3424 gratiae
682 3347 941 3406 consolationem
979 3347 1114 3422 recepit:

361 3461 420 3519 per
441 3461 559 3504 novem
584 3454 637 3504 aut
660 3444 774 3503 decem
799 3443 868 3503 lere
891 3444 963 3504 dies
986 3445 1019 3504 in
1043 3460 1113 3504 con·

360 3541 451 3602 tinua
481 3542 755 3618 contemplatione
788 3551 819 3600 et
848 3541 1035 3602 divinorum
1063 3544 1113 3601 de·

324 3640 562 3716 angustatione,
599 3658 635 3700 ac
667 3639 788 3699 mentis
825 3639 1017 3701 iubilatione
1047 3656 1113 3715 per-

361 3737 500 3813 durans;
529 3748 682 3815 tantaque
711 3738 885 3798 dulcedine
915 3738 1019 3799 extitit
1047 3753 1113 3813 per-

713 3844 753 3885 aaa
