<?xml version="1.0" encoding="UTF-8"?>
<!DOCTYPE html PUBLIC "-//W3C//DTD XHTML 1.0 Transitional//EN"
    "http://www.w3.org/TR/xhtml1/DTD/xhtml1-transitional.dtd">
<html xmlns="http://www.w3.org/1999/xhtml" xml:lang="en" lang="en">
 <head>
  <title>
</title>
<meta http-equiv="Content-Type" content="text/html;charset=utf-8" />
  <meta name='ocr-system' content='tesseract 3.04.00' />
  <meta name='ocr-capabilities' content='ocr_page ocr_carea ocr_par ocr_line ocrx_word'/>
</head>
<body>
  <div class='ocr_page' id='page_1' title='image "./thomaehemerkena00pohlgoog_0340.png"; bbox 0 0 2692 4659; ppageno 0'>
   <div class='ocr_carea' id='block_1_1' title="bbox 350 665 1113 719">
    <p class='ocr_par' dir='ltr' id='par_1_1' title="bbox 350 665 1113 719">
     <span class='ocr_line' id='line_1_1' title="bbox 350 665 1113 719; baseline -0.007 -9"><span class='ocrx_word' id='word_1_1' title='bbox 350 666 511 719; x_wconf 54' lang='lat' dir='ltr'>mm</span> <span class='ocrx_word' id='word_1_2' title='bbox 529 665 596 708; x_wconf 75' lang='lat' dir='ltr'>vttn</span> <span class='ocrx_word' id='word_1_3' title='bbox 613 666 776 709; x_wconf 84' lang='lat' dir='ltr'>LIDEWIGIS</span> <span class='ocrx_word' id='word_1_4' title='bbox 791 665 929 709; x_wconf 78' lang='lat' dir='ltr'>vtnclltts</span> <span class='ocrx_word' id='word_1_5' title='bbox 947 665 1113 719; x_wconf 50' lang='lat' dir='ltr'><em>w</em></span> 
     </span>
    </p>
   </div>
   <div class='ocr_carea' id='block_1_2' title="bbox 309 799 1113 3715">
    <p class='ocr_par' dir='ltr' id='par_1_2' title="bbox 309 799 1113 3715">
     <span class='ocr_line' id='line_1_2' title="bbox 351 799 1111 877; baseline 0.003 -18"><span class='ocrx_word' id='word_1_6' title='bbox 351 799 502 876; x_wconf 85' lang='lat' dir='ltr'>imaginis</span> <span class='ocrx_word' id='word_1_7' title='bbox 524 800 640 876; x_wconf 91' lang='lat' dir='ltr'>opifice</span> <span class='ocrx_word' id='word_1_8' title='bbox 662 801 736 861; x_wconf 90' lang='lat' dir='ltr'>dato</span> <span class='ocrx_word' id='word_1_9' title='bbox 758 800 862 877; x_wconf 91' lang='lat' dir='ltr'>pretio</span> <span class='ocrx_word' id='word_1_10' title='bbox 885 800 1004 877; x_wconf 87' lang='lat' dir='ltr'>exiguo</span> <span class='ocrx_word' id='word_1_11' title='bbox 1020 818 1111 877; x_wconf 88' lang='lat' dir='ltr'>emp-</span> 
     </span>
     <span class='ocr_line' id='line_1_3' title="bbox 350 897 1112 975; baseline 0.001 -18"><span class='ocrx_word' id='word_1_12' title='bbox 350 907 425 958; x_wconf 85' lang='lat' dir='ltr'><strong>tam.</strong></span> <span class='ocrx_word' id='word_1_13' title='bbox 469 899 500 958; x_wconf 92' lang='lat' dir='ltr'>ls</span> <span class='ocrx_word' id='word_1_14' title='bbox 529 898 616 958; x_wconf 93' lang='lat' dir='ltr'>enim</span> <span class='ocrx_word' id='word_1_15' title='bbox 645 898 685 958; x_wconf 89' lang='lat' dir='ltr'>ad</span> <span class='ocrx_word' id='word_1_16' title='bbox 714 898 877 958; x_wconf 81' lang='lat' dir='ltr'>nundinas</span> <span class='ocrx_word' id='word_1_17' title='bbox 900 897 1112 975; x_wconf 78' lang='lat' dir='ltr'>Antwerpiae</span> 
     </span>
     <span class='ocr_line' id='line_1_4' title="bbox 351 995 1110 1073; baseline 0.003 -18"><span class='ocrx_word' id='word_1_18' title='bbox 351 995 489 1072; x_wconf 91' lang='lat' dir='ltr'>cupiens</span> <span class='ocrx_word' id='word_1_19' title='bbox 524 1013 677 1072; x_wconf 85' lang='lat' dir='ltr'>pergere,</span> <span class='ocrx_word' id='word_1_20' title='bbox 713 1007 745 1056; x_wconf 91' lang='lat' dir='ltr'>et</span> <span class='ocrx_word' id='word_1_21' title='bbox 780 996 953 1073; x_wconf 86' lang='lat' dir='ltr'>imaginem</span> <span class='ocrx_word' id='word_1_22' title='bbox 987 997 1110 1057; x_wconf 82' lang='lat' dir='ltr'>ibidem</span> 
     </span>
     <span class='ocr_line' id='line_1_5' title="bbox 351 1092 1111 1170; baseline 0.004 -19"><span class='ocrx_word' id='word_1_23' title='bbox 351 1092 459 1153; x_wconf 90' lang='lat' dir='ltr'>carius</span> <span class='ocrx_word' id='word_1_24' title='bbox 480 1094 643 1169; x_wconf 86' lang='lat' dir='ltr'>vendere3</span> <span class='ocrx_word' id='word_1_25' title='bbox 669 1110 744 1154; x_wconf 92' lang='lat' dir='ltr'>cum</span> <span class='ocrx_word' id='word_1_26' title='bbox 766 1111 883 1154; x_wconf 90' lang='lat' dir='ltr'>navem</span> <span class='ocrx_word' id='word_1_27' title='bbox 906 1103 1039 1170; x_wconf 88' lang='lat' dir='ltr'>sumpta</span> <span class='ocrx_word' id='word_1_28' title='bbox 1061 1112 1111 1155; x_wconf 92' lang='lat' dir='ltr'>se-</span> 
     </span>
     <span class='ocr_line' id='line_1_6' title="bbox 330 1191 1111 1268; baseline 0.004 -19"><span class='ocrx_word' id='word_1_29' title='bbox 330 1207 425 1251; x_wconf 83' lang='lat' dir='ltr'>scum</span> <span class='ocrx_word' id='word_1_30' title='bbox 447 1191 588 1268; x_wconf 83' lang='lat' dir='ltr'>imagine</span> <span class='ocrx_word' id='word_1_31' title='bbox 608 1192 773 1267; x_wconf 83' lang='lat' dir='ltr'>intrasset,</span> <span class='ocrx_word' id='word_1_32' title='bbox 795 1202 901 1253; x_wconf 87' lang='lat' dir='ltr'>tantae</span> <span class='ocrx_word' id='word_1_33' title='bbox 917 1193 1111 1268; x_wconf 91' lang='lat' dir='ltr'>ponderosi-</span> 
     </span>
     <span class='ocr_line' id='line_1_7' title="bbox 350 1289 1111 1368; baseline 0.004 -20"><span class='ocrx_word' id='word_1_34' title='bbox 350 1289 424 1350; x_wconf 85' lang='lat' dir='ltr'>tatis</span> <span class='ocrx_word' id='word_1_35' title='bbox 446 1289 552 1366; x_wconf 90' lang='lat' dir='ltr'>imago</span> <span class='ocrx_word' id='word_1_36' title='bbox 567 1290 725 1350; x_wconf 89' lang='lat' dir='ltr'>efficitur:</span> <span class='ocrx_word' id='word_1_37' title='bbox 748 1300 783 1351; x_wconf 92' lang='lat' dir='ltr'>ut</span> <span class='ocrx_word' id='word_1_38' title='bbox 797 1289 910 1367; x_wconf 91' lang='lat' dir='ltr'>viginti</span> <span class='ocrx_word' id='word_1_39' title='bbox 926 1302 981 1352; x_wconf 89' lang='lat' dir='ltr'>aut</span> <span class='ocrx_word' id='word_1_40' title='bbox 996 1292 1111 1368; x_wconf 91' lang='lat' dir='ltr'>plures</span> 
     </span>
     <span class='ocr_line' id='line_1_8' title="bbox 350 1386 1112 1465; baseline 0.007 -20"><span class='ocrx_word' id='word_1_41' title='bbox 350 1386 410 1446; x_wconf 92' lang='lat' dir='ltr'>viri</span> <span class='ocrx_word' id='word_1_42' title='bbox 440 1386 623 1447; x_wconf 91' lang='lat' dir='ltr'>naviculam</span> <span class='ocrx_word' id='word_1_43' title='bbox 647 1404 664 1446; x_wconf 90' lang='lat' dir='ltr'>a</span> <span class='ocrx_word' id='word_1_44' title='bbox 686 1388 781 1448; x_wconf 94' lang='lat' dir='ltr'>litore</span> <span class='ocrx_word' id='word_1_45' title='bbox 810 1406 876 1448; x_wconf 93' lang='lat' dir='ltr'>non</span> <span class='ocrx_word' id='word_1_46' title='bbox 900 1400 1039 1465; x_wconf 88' lang='lat' dir='ltr'>possent</span> <span class='ocrx_word' id='word_1_47' title='bbox 1062 1407 1112 1449; x_wconf 90' lang='lat' dir='ltr'>re·</span> 
     </span>
     <span class='ocr_line' id='line_1_9' title="bbox 349 1485 1111 1564; baseline 0.003 -19"><span class='ocrx_word' id='word_1_48' title='bbox 349 1502 492 1546; x_wconf 87' lang='lat' dir='ltr'>movere.</span> <span class='ocrx_word' id='word_1_49' title='bbox 523 1486 584 1545; x_wconf 93' lang='lat' dir='ltr'>His</span> <span class='ocrx_word' id='word_1_50' title='bbox 599 1485 681 1545; x_wconf 88' lang='lat' dir='ltr'>visis</span> <span class='ocrx_word' id='word_1_51' title='bbox 697 1486 870 1561; x_wconf 86' lang='lat' dir='ltr'>stupefacti</span> <span class='ocrx_word' id='word_1_52' title='bbox 886 1496 1014 1563; x_wconf 83' lang='lat' dir='ltr'>nautae,</span> <span class='ocrx_word' id='word_1_53' title='bbox 1038 1504 1111 1564; x_wconf 92' lang='lat' dir='ltr'>per·</span> 
     </span>
     <span class='ocr_line' id='line_1_10' title="bbox 349 1583 1111 1662; baseline 0.004 -19"><span class='ocrx_word' id='word_1_54' title='bbox 349 1583 533 1658; x_wconf 92' lang='lat' dir='ltr'>penderunt</span> <span class='ocrx_word' id='word_1_55' title='bbox 568 1600 608 1643; x_wconf 87' lang='lat' dir='ltr'>ex</span> <span class='ocrx_word' id='word_1_56' title='bbox 639 1584 825 1658; x_wconf 90' lang='lat' dir='ltr'>praesentia</span> <span class='ocrx_word' id='word_1_57' title='bbox 860 1584 1011 1662; x_wconf 89' lang='lat' dir='ltr'>imaginis</span> <span class='ocrx_word' id='word_1_58' title='bbox 1050 1585 1111 1646; x_wconf 94' lang='lat' dir='ltr'>dif-</span> 
     </span>
     <span class='ocr_line' id='line_1_11' title="bbox 316 1680 1111 1758; baseline 0.006 -19"><span class='ocrx_word' id='word_1_59' title='bbox 316 1680 526 1741; x_wconf 85' lang='lat' dir='ltr'>roficultatem</span> <span class='ocrx_word' id='word_1_60' title='bbox 565 1681 775 1742; x_wconf 89' lang='lat' dir='ltr'>abducendae</span> <span class='ocrx_word' id='word_1_61' title='bbox 812 1682 905 1742; x_wconf 92' lang='lat' dir='ltr'>navis</span> <span class='ocrx_word' id='word_1_62' title='bbox 935 1683 1111 1758; x_wconf 89' lang='lat' dir='ltr'>accidisse,</span> 
     </span>
     <span class='ocr_line' id='line_1_12' title="bbox 349 1779 1111 1842; baseline 0.005 -5"><span class='ocrx_word' id='word_1_63' title='bbox 349 1789 381 1838; x_wconf 92' lang='lat' dir='ltr'>et</span> <span class='ocrx_word' id='word_1_64' title='bbox 403 1780 510 1838; x_wconf 92' lang='lat' dir='ltr'>locum</span> <span class='ocrx_word' id='word_1_65' title='bbox 534 1779 715 1839; x_wconf 90' lang='lat' dir='ltr'>mansionis</span> <span class='ocrx_word' id='word_1_66' title='bbox 738 1780 858 1840; x_wconf 92' lang='lat' dir='ltr'>ibidem</span> <span class='ocrx_word' id='word_1_67' title='bbox 875 1781 959 1841; x_wconf 95' lang='lat' dir='ltr'>velle</span> <span class='ocrx_word' id='word_1_68' title='bbox 976 1782 1111 1842; x_wconf 89' lang='lat' dir='ltr'>habere.</span> 
     </span>
     <span class='ocr_line' id='line_1_13' title="bbox 350 1875 1111 1954; baseline -0.001 -17"><span class='ocrx_word' id='word_1_69' title='bbox 350 1875 500 1937; x_wconf 90' lang='lat' dir='ltr'>Consilio</span> <span class='ocrx_word' id='word_1_70' title='bbox 522 1877 620 1954; x_wconf 93' lang='lat' dir='ltr'>igitur</span> <span class='ocrx_word' id='word_1_71' title='bbox 639 1878 730 1939; x_wconf 93' lang='lat' dir='ltr'>brevi</span> <span class='ocrx_word' id='word_1_72' title='bbox 754 1878 834 1938; x_wconf 92' lang='lat' dir='ltr'>inito</span> <span class='ocrx_word' id='word_1_73' title='bbox 857 1877 973 1937; x_wconf 85' lang='lat' dir='ltr'>artifex</span> <span class='ocrx_word' id='word_1_74' title='bbox 995 1877 1111 1954; x_wconf 89' lang='lat' dir='ltr'>imagi·</span> 
     </span>
     <span class='ocr_line' id='line_1_14' title="bbox 349 1975 1110 2053; baseline 0 -18"><span class='ocrx_word' id='word_1_75' title='bbox 349 1993 423 2035; x_wconf 92' lang='lat' dir='ltr'>nem</span> <span class='ocrx_word' id='word_1_76' title='bbox 454 1975 582 2036; x_wconf 92' lang='lat' dir='ltr'>civibus</span> <span class='ocrx_word' id='word_1_77' title='bbox 604 1976 767 2037; x_wconf 92' lang='lat' dir='ltr'>vendidit:</span> <span class='ocrx_word' id='word_1_78' title='bbox 796 1976 851 2053; x_wconf 92' lang='lat' dir='ltr'>qui</span> <span class='ocrx_word' id='word_1_79' title='bbox 882 1978 1018 2036; x_wconf 91' lang='lat' dir='ltr'>chorum</span> <span class='ocrx_word' id='word_1_80' title='bbox 1046 1975 1110 2036; x_wconf 91' lang='lat' dir='ltr'>sibi</span> 
     </span>
     <span class='ocr_line' id='line_1_15' title="bbox 349 2073 1111 2151; baseline 0.001 -18"><span class='ocrx_word' id='word_1_81' title='bbox 349 2074 525 2149; x_wconf 89' lang='lat' dir='ltr'>specialem</span> <span class='ocrx_word' id='word_1_82' title='bbox 548 2092 606 2151; x_wconf 94' lang='lat' dir='ltr'>pro</span> <span class='ocrx_word' id='word_1_83' title='bbox 627 2074 812 2135; x_wconf 90' lang='lat' dir='ltr'>reverentia</span> <span class='ocrx_word' id='word_1_84' title='bbox 833 2074 867 2134; x_wconf 93' lang='lat' dir='ltr'>in</span> <span class='ocrx_word' id='word_1_85' title='bbox 889 2073 1032 2134; x_wconf 87' lang='lat' dir='ltr'>ecclesia</span> <span class='ocrx_word' id='word_1_86' title='bbox 1054 2075 1111 2134; x_wconf 92' lang='lat' dir='ltr'>de·</span> 
     </span>
     <span class='ocr_line' id='line_1_16' title="bbox 315 2172 1110 2250; baseline 0.001 -20"><span class='ocrx_word' id='word_1_87' title='bbox 315 2190 339 2231; x_wconf 78' lang='lat' dir='ltr'>ts</span> <span class='ocrx_word' id='word_1_88' title='bbox 349 2183 511 2247; x_wconf 89' lang='lat' dir='ltr'>putarunt.</span> <span class='ocrx_word' id='word_1_89' title='bbox 551 2174 669 2233; x_wconf 89' lang='lat' dir='ltr'>Postea</span> <span class='ocrx_word' id='word_1_90' title='bbox 691 2190 769 2233; x_wconf 91' lang='lat' dir='ltr'>vero</span> <span class='ocrx_word' id='word_1_91' title='bbox 792 2172 953 2250; x_wconf 88' lang='lat' dir='ltr'>quandam</span> <span class='ocrx_word' id='word_1_92' title='bbox 976 2172 1110 2249; x_wconf 91' lang='lat' dir='ltr'>colliga·</span> 
     </span>
     <span class='ocr_line' id='line_1_17' title="bbox 348 2269 1111 2333; baseline 0.001 -5"><span class='ocrx_word' id='word_1_93' title='bbox 348 2269 471 2329; x_wconf 92' lang='lat' dir='ltr'>tionem</span> <span class='ocrx_word' id='word_1_94' title='bbox 494 2271 705 2333; x_wconf 81' lang='lat' dir='ltr'>fraternitatis</span> <span class='ocrx_word' id='word_1_95' title='bbox 727 2271 760 2331; x_wconf 94' lang='lat' dir='ltr'>in</span> <span class='ocrx_word' id='word_1_96' title='bbox 779 2269 969 2331; x_wconf 92' lang='lat' dir='ltr'>memoriam</span> <span class='ocrx_word' id='word_1_97' title='bbox 991 2269 1111 2330; x_wconf 87' lang='lat' dir='ltr'>beatae</span> 
     </span>
     <span class='ocr_line' id='line_1_18' title="bbox 349 2366 1110 2445; baseline -0.001 -18"><span class='ocrx_word' id='word_1_98' title='bbox 349 2378 380 2427; x_wconf 90' lang='lat' dir='ltr'>et</span> <span class='ocrx_word' id='word_1_99' title='bbox 394 2368 555 2444; x_wconf 89' lang='lat' dir='ltr'>gloriosae</span> <span class='ocrx_word' id='word_1_100' title='bbox 571 2369 696 2429; x_wconf 82' lang='lat' dir='ltr'>Mariae</span> <span class='ocrx_word' id='word_1_101' title='bbox 712 2386 845 2445; x_wconf 90' lang='lat' dir='ltr'>semper</span> <span class='ocrx_word' id='word_1_102' title='bbox 860 2366 996 2443; x_wconf 90' lang='lat' dir='ltr'>virginis</span> <span class='ocrx_word' id='word_1_103' title='bbox 1012 2366 1110 2427; x_wconf 91' lang='lat' dir='ltr'>multi</span> 
     </span>
     <span class='ocr_line' id='line_1_19' title="bbox 349 2463 1112 2543; baseline -0.003 -19"><span class='ocrx_word' id='word_1_104' title='bbox 349 2466 519 2542; x_wconf 90' lang='lat' dir='ltr'>utriusque</span> <span class='ocrx_word' id='word_1_105' title='bbox 536 2484 635 2527; x_wconf 88' lang='lat' dir='ltr'>sexus</span> <span class='ocrx_word' id='word_1_106' title='bbox 651 2466 804 2543; x_wconf 89' lang='lat' dir='ltr'>oppidani</span> <span class='ocrx_word' id='word_1_107' title='bbox 821 2463 1044 2526; x_wconf 88' lang='lat' dir='ltr'>confoederati</span> <span class='ocrx_word' id='word_1_108' title='bbox 1062 2464 1112 2523; x_wconf 92' lang='lat' dir='ltr'>in·</span> 
     </span>
     <span class='ocr_line' id='line_1_20' title="bbox 348 2561 1112 2640; baseline 0.001 -19"><span class='ocrx_word' id='word_1_109' title='bbox 348 2562 533 2624; x_wconf 89' lang='lat' dir='ltr'>stituerunt.</span> <span class='ocrx_word' id='word_1_110' title='bbox 564 2564 637 2626; x_wconf 89' lang='lat' dir='ltr'>Erat</span> <span class='ocrx_word' id='word_1_111' title='bbox 653 2576 761 2626; x_wconf 88' lang='lat' dir='ltr'>autem</span> <span class='ocrx_word' id='word_1_112' title='bbox 778 2565 884 2640; x_wconf 90' lang='lat' dir='ltr'>imago</span> <span class='ocrx_word' id='word_1_113' title='bbox 899 2565 980 2622; x_wconf 89' lang='lat' dir='ltr'>haec</span> <span class='ocrx_word' id='word_1_114' title='bbox 998 2561 1112 2639; x_wconf 88' lang='lat' dir='ltr'>lignea</span> 
     </span>
     <span class='ocr_line' id='line_1_21' title="bbox 311 2661 1111 2737; baseline 0.001 -17"><span class='ocrx_word' id='word_1_115' title='bbox 311 2672 380 2720; x_wconf 87' lang='lat' dir='ltr'>20et</span> <span class='ocrx_word' id='word_1_116' title='bbox 408 2671 514 2721; x_wconf 88' lang='lat' dir='ltr'>tantae</span> <span class='ocrx_word' id='word_1_117' title='bbox 543 2662 701 2722; x_wconf 89' lang='lat' dir='ltr'>levitatis:</span> <span class='ocrx_word' id='word_1_118' title='bbox 731 2663 817 2737; x_wconf 91' lang='lat' dir='ltr'>quod</span> <span class='ocrx_word' id='word_1_119' title='bbox 846 2661 896 2721; x_wconf 92' lang='lat' dir='ltr'>vir</span> <span class='ocrx_word' id='word_1_120' title='bbox 925 2677 1011 2720; x_wconf 92' lang='lat' dir='ltr'>unus</span> <span class='ocrx_word' id='word_1_121' title='bbox 1035 2678 1111 2721; x_wconf 88' lang='lat' dir='ltr'>cam</span> 
     </span>
     <span class='ocr_line' id='line_1_22' title="bbox 348 2758 1112 2836; baseline 0.001 -18"><span class='ocrx_word' id='word_1_122' title='bbox 348 2759 387 2819; x_wconf 92' lang='lat' dir='ltr'>de</span> <span class='ocrx_word' id='word_1_123' title='bbox 411 2759 496 2819; x_wconf 87' lang='lat' dir='ltr'>facili</span> <span class='ocrx_word' id='word_1_124' title='bbox 520 2770 648 2835; x_wconf 89' lang='lat' dir='ltr'>portare</span> <span class='ocrx_word' id='word_1_125' title='bbox 671 2760 841 2835; x_wconf 91' lang='lat' dir='ltr'>potuisset.</span> <span class='ocrx_word' id='word_1_126' title='bbox 881 2760 974 2819; x_wconf 89' lang='lat' dir='ltr'>Hanc</span> <span class='ocrx_word' id='word_1_127' title='bbox 996 2758 1112 2836; x_wconf 88' lang='lat' dir='ltr'>itaque</span> 
     </span>
     <span class='ocr_line' id='line_1_23' title="bbox 348 2856 1113 2934; baseline 0.004 -19"><span class='ocrx_word' id='word_1_128' title='bbox 348 2856 522 2934; x_wconf 88' lang='lat' dir='ltr'>imaginem</span> <span class='ocrx_word' id='word_1_129' title='bbox 545 2859 637 2934; x_wconf 90' lang='lat' dir='ltr'>virgo</span> <span class='ocrx_word' id='word_1_130' title='bbox 659 2858 834 2917; x_wconf 88' lang='lat' dir='ltr'>iuvencula</span> <span class='ocrx_word' id='word_1_131' title='bbox 859 2857 1014 2917; x_wconf 88' lang='lat' dir='ltr'>iratribus</span> <span class='ocrx_word' id='word_1_132' title='bbox 1038 2858 1113 2918; x_wconf 93' lang='lat' dir='ltr'>suis</span> 
     </span>
     <span class='ocr_line' id='line_1_24' title="bbox 347 2955 1113 3031; baseline 0.003 -18"><span class='ocrx_word' id='word_1_133' title='bbox 347 2955 474 3014; x_wconf 91' lang='lat' dir='ltr'>duobus</span> <span class='ocrx_word' id='word_1_134' title='bbox 487 2956 770 3031; x_wconf 90' lang='lat' dir='ltr'>frequentantibus</span> <span class='ocrx_word' id='word_1_135' title='bbox 779 2955 949 3031; x_wconf 90' lang='lat' dir='ltr'>prandium</span> <span class='ocrx_word' id='word_1_136' title='bbox 962 2955 1000 3014; x_wconf 96' lang='lat' dir='ltr'>ad</span> <span class='ocrx_word' id='word_1_137' title='bbox 1011 2957 1113 3015; x_wconf 92' lang='lat' dir='ltr'>scho-</span> 
     </span>
     <span class='ocr_line' id='line_1_25' title="bbox 347 3052 1113 3129; baseline 0.003 -18"><span class='ocrx_word' id='word_1_138' title='bbox 347 3052 394 3111; x_wconf 90' lang='lat' dir='ltr'>las</span> <span class='ocrx_word' id='word_1_139' title='bbox 417 3054 587 3129; x_wconf 87' lang='lat' dir='ltr'>deierens‚</span> <span class='ocrx_word' id='word_1_140' title='bbox 616 3065 789 3129; x_wconf 89' lang='lat' dir='ltr'>antequam</span> <span class='ocrx_word' id='word_1_141' title='bbox 813 3053 944 3112; x_wconf 91' lang='lat' dir='ltr'>domum</span> <span class='ocrx_word' id='word_1_142' title='bbox 975 3052 1113 3128; x_wconf 89' lang='lat' dir='ltr'>rediret,</span> 
     </span>
     <span class='ocr_line' id='line_1_26' title="bbox 310 3150 1113 3213; baseline 0.006 -5"><span class='ocrx_word' id='word_1_143' title='bbox 310 3151 522 3211; x_wconf 77' lang='lat' dir='ltr'>asecclesiam</span> <span class='ocrx_word' id='word_1_144' title='bbox 545 3152 771 3213; x_wconf 89' lang='lat' dir='ltr'>desideranter</span> <span class='ocrx_word' id='word_1_145' title='bbox 799 3152 924 3212; x_wconf 90' lang='lat' dir='ltr'>intrans</span> <span class='ocrx_word' id='word_1_146' title='bbox 946 3150 1113 3213; x_wconf 89' lang='lat' dir='ltr'>visitavit:</span> 
     </span>
     <span class='ocr_line' id='line_1_27' title="bbox 348 3248 1112 3326; baseline 0.005 -19"><span class='ocrx_word' id='word_1_147' title='bbox 348 3260 379 3308; x_wconf 90' lang='lat' dir='ltr'>et</span> <span class='ocrx_word' id='word_1_148' title='bbox 408 3250 545 3310; x_wconf 90' lang='lat' dir='ltr'>eandem</span> <span class='ocrx_word' id='word_1_149' title='bbox 575 3268 634 3325; x_wconf 91' lang='lat' dir='ltr'>per</span> <span class='ocrx_word' id='word_1_150' title='bbox 664 3249 844 3326; x_wconf 87' lang='lat' dir='ltr'>angelicam</span> <span class='ocrx_word' id='word_1_151' title='bbox 876 3248 1112 3310; x_wconf 89' lang='lat' dir='ltr'>salutationem</span> 
     </span>
     <span class='ocr_line' id='line_1_28' title="bbox 347 3347 1112 3423; baseline 0.007 -19"><span class='ocrx_word' id='word_1_152' title='bbox 347 3358 442 3421; x_wconf 90' lang='lat' dir='ltr'>prout</span> <span class='ocrx_word' id='word_1_153' title='bbox 457 3359 582 3423; x_wconf 89' lang='lat' dir='ltr'>poterat</span> <span class='ocrx_word' id='word_1_154' title='bbox 598 3349 716 3408; x_wconf 91' lang='lat' dir='ltr'>devote</span> <span class='ocrx_word' id='word_1_155' title='bbox 732 3347 856 3408; x_wconf 91' lang='lat' dir='ltr'>studuit</span> <span class='ocrx_word' id='word_1_156' title='bbox 871 3349 1046 3407; x_wconf 90' lang='lat' dir='ltr'>honorare.</span> <span class='ocrx_word' id='word_1_157' title='bbox 1071 3348 1112 3409; x_wconf 91' lang='lat' dir='ltr'>Et</span> 
     </span>
     <span class='ocr_line' id='line_1_29' title="bbox 346 3444 1110 3520; baseline 0.005 -18"><span class='ocrx_word' id='word_1_158' title='bbox 346 3445 407 3503; x_wconf 91' lang='lat' dir='ltr'>hoc</span> <span class='ocrx_word' id='word_1_159' title='bbox 431 3446 562 3520; x_wconf 91' lang='lat' dir='ltr'>quidem</span> <span class='ocrx_word' id='word_1_160' title='bbox 585 3446 707 3505; x_wconf 92' lang='lat' dir='ltr'>bonum</span> <span class='ocrx_word' id='word_1_161' title='bbox 739 3455 770 3505; x_wconf 90' lang='lat' dir='ltr'>et</span> <span class='ocrx_word' id='word_1_162' title='bbox 793 3444 953 3504; x_wconf 90' lang='lat' dir='ltr'>laudabile</span> <span class='ocrx_word' id='word_1_163' title='bbox 976 3444 1110 3505; x_wconf 92' lang='lat' dir='ltr'>initium</span> 
     </span>
     <span class='ocr_line' id='line_1_30' title="bbox 346 3541 1112 3619; baseline 0.007 -20"><span class='ocrx_word' id='word_1_164' title='bbox 346 3541 378 3600; x_wconf 92' lang='lat' dir='ltr'>in</span> <span class='ocrx_word' id='word_1_165' title='bbox 404 3544 520 3617; x_wconf 90' lang='lat' dir='ltr'>puerili</span> <span class='ocrx_word' id='word_1_166' title='bbox 552 3554 656 3605; x_wconf 88' lang='lat' dir='ltr'>aetate</span> <span class='ocrx_word' id='word_1_167' title='bbox 681 3544 826 3603; x_wconf 91' lang='lat' dir='ltr'>lucebat:</span> <span class='ocrx_word' id='word_1_168' title='bbox 856 3543 942 3619; x_wconf 91' lang='lat' dir='ltr'>quod</span> <span class='ocrx_word' id='word_1_169' title='bbox 973 3544 1112 3604; x_wconf 84' lang='lat' dir='ltr'>maioris</span> 
     </span>
     <span class='ocr_line' id='line_1_31' title="bbox 309 3640 1113 3715; baseline 0.002 -15"><span class='ocrx_word' id='word_1_170' title='bbox 309 3659 336 3700; x_wconf 79' lang='lat' dir='ltr'>ao</span> <span class='ocrx_word' id='word_1_171' title='bbox 345 3640 466 3715; x_wconf 86' lang='lat' dir='ltr'>gratiae</span> <span class='ocrx_word' id='word_1_172' title='bbox 503 3641 630 3702; x_wconf 89' lang='lat' dir='ltr'>futurae</span> <span class='ocrx_word' id='word_1_173' title='bbox 662 3642 701 3700; x_wconf 91' lang='lat' dir='ltr'>ab</span> <span class='ocrx_word' id='word_1_174' title='bbox 732 3642 827 3701; x_wconf 89' lang='lat' dir='ltr'>annis</span> <span class='ocrx_word' id='word_1_175' title='bbox 863 3641 1113 3702; x_wconf 88' lang='lat' dir='ltr'>adulescentiae</span> 
     </span>
    </p>
   </div>
   <div class='ocr_carea' id='block_1_3' title="bbox 346 3736 1112 3886">
    <p class='ocr_par' dir='ltr' id='par_1_3' title="bbox 346 3736 1112 3886">
     <span class='ocr_line' id='line_1_32' title="bbox 346 3736 1112 3815; baseline 0.007 -20"><span class='ocrx_word' id='word_1_176' title='bbox 346 3736 418 3795; x_wconf 90' lang='lat' dir='ltr'>eius</span> <span class='ocrx_word' id='word_1_177' title='bbox 454 3756 559 3814; x_wconf 91' lang='lat' dir='ltr'>usque</span> <span class='ocrx_word' id='word_1_178' title='bbox 595 3739 634 3797; x_wconf 90' lang='lat' dir='ltr'>ad</span> <span class='ocrx_word' id='word_1_179' title='bbox 667 3739 845 3798; x_wconf 92' lang='lat' dir='ltr'>terminum</span> <span class='ocrx_word' id='word_1_180' title='bbox 886 3738 972 3798; x_wconf 90' lang='lat' dir='ltr'>vitae</span> <span class='ocrx_word' id='word_1_181' title='bbox 1014 3757 1112 3815; x_wconf 88' lang='lat' dir='ltr'>prae·</span> 
     </span>
     <span class='ocr_line' id='line_1_33' title="bbox 704 3842 745 3886; baseline -0.122 0"><span class='ocrx_word' id='word_1_182' title='bbox 704 3842 745 3886; x_wconf 76' lang='lat'>324</span> 
     </span>
    </p>
   </div>
   <div class='ocr_carea' id='block_1_4' title="bbox 0 0 1350 4659">
    <p class='ocr_par' dir='ltr' id='par_1_4' title="bbox 0 0 1350 4659">
     <span class='ocr_line' id='line_1_34' title="bbox 0 0 1350 4659; baseline 0 0"><span class='ocrx_word' id='word_1_183' title='bbox 0 0 1350 4659; x_wconf 95' lang='lat' dir='ltr'> </span> 
     </span>
    </p>
   </div>
  </div>
 </body>
</html>
