2692 4659
248 695 557 752 emersaeroaeroa
598 700 627 743 v1
671 702 993 755 wasnaum-ao

249 845 318 907 cem,
338 831 493 891 devotum
516 833 689 894 distrahat:
711 844 744 894 et
759 834 905 911 quietum
921 854 993 913 per-

248 928 349 988 turbet.
401 929 552 990 Laetatur
582 932 677 991 valde
708 932 736 992 si
773 933 891 1010 aliquis
926 950 992 994 non

249 1036 339 1086 cantat
367 1036 421 1087 aut
449 1029 535 1088 male
563 1030 656 1106 legit3
688 1030 715 1089 si
739 1031 859 1092 clausis
888 1032 993 1091 oculis

248 1123 400 1185 dormitat:
423 1125 451 1185 si
474 1126 565 1203 vagis
586 1127 692 1187 oculis
716 1128 939 1204 circumspicit
961 1137 993 1188 et

248 1235 275 1279 se
288 1221 392 1298 ipsum
415 1224 566 1300 neglegit.
595 1224 698 1285 Adest
720 1225 783 1286 cito
806 1237 841 1286 ut
858 1242 1016 1285 versums

206 1337 208 1342 ·
248 1334 278 1378 ex
297 1337 351 1380 ore
373 1321 534 1397 torpentis
561 1322 678 1397 rapiat:
708 1334 740 1383 et
768 1323 802 1383 in
824 1324 991 1383 sacculum

246 1431 328 1478 suum
344 1420 520 1479 verborum
548 1420 707 1497 fragmina
728 1421 834 1482 iactet.
878 1421 907 1482 Ο
932 1422 992 1481 lra-

246 1523 285 1575 ter
312 1519 413 1578 aselle
444 1519 485 1578 de
515 1535 636 1595 genere
672 1519 928 1579 dormitanorum
961 1528 992 1579 et

244 1629 369 1675 numero
386 1616 547 1676 fatuarum
563 1615 738 1692 virginum,
760 1635 897 1694 quarum
914 1618 992 1677 lam-

242 1712 333 1785 pades
368 1714 401 1773 in
434 1723 530 1774 nocte
562 1713 723 1774 extinctae
759 1716 926 1791 leguntur:
963 1714 990 1773 si
1003 1730 1028 1771 ro

242 1807 339 1870 Deum
362 1828 429 1871 non
451 1812 558 1888 times,
579 1830 640 1873 nec
663 1813 796 1889 angelos
819 1812 992 1887 revereris,

240 1922 294 1966 nec
317 1908 434 1969 fratres
456 1919 530 1970 tuos
552 1910 773 1970 scandalizare
805 1910 991 1985 erubescis3

237 2020 332 2079 quare
355 2007 518 2067 diabolum
539 2006 595 2067 tibi
612 2007 821 2067 insidiantem
844 2024 909 2065 non
925 2024 992 2066 me-

236 2103 307 2178 tuis,
328 2104 383 2180 qui
407 2104 517 2164 omnia
531 2106 631 2165 verba
652 2105 800 2181 neglecta
822 2115 854 2164 et
873 2104 992 2179 imper-

235 2199 317 2261 fecta
331 2202 364 2261 in
381 2204 492 2262 charta
507 2219 567 2261 sua
588 2212 682 2262 caute
705 2203 887 2262 describit?
923 2202 991 2261 Sic·
1002 2221 1027 2261 15

235 2309 268 2358 ut
295 2300 382 2360 enim
413 2300 518 2377 angeli
541 2300 644 2360 sancti
667 2301 802 2359 devotas
825 2300 896 2359 Deo
920 2316 991 2374 pre-

234 2412 287 2455 ces
310 2397 464 2474 offerunt‚
486 2409 518 2458 et
540 2398 707 2459 ferventer
729 2407 897 2458 cantantes
920 2397 991 2456 dili-

233 2504 311 2568 gunt
338 2504 370 2555 et
399 2497 645 2573 commendant;
676 2496 724 2556 sic
756 2506 884 2555 satanas
916 2512 989 2554 cum

234 2591 301 2650 suis
323 2593 462 2652 aemulis
483 2593 655 2654 insidiatur
670 2594 848 2668 orantibus,
871 2603 905 2652 ut
927 2593 990 2651 dis·

233 2690 335 2749 trahat
354 2699 386 2750 et
406 2690 560 2766 impediat
578 2692 784 2752 concorditer
798 2692 1026 2767 psallenteszao

234 2796 264 2845 et
286 2788 402 2847 habeat
423 2806 489 2848 non
511 2807 614 2866 pauca
636 2800 748 2849 contra
778 2806 835 2849 eos
858 2790 897 2848 de
920 2788 989 2864 qui-

233 2884 292 2943 bus
321 2902 379 2945 eos
408 2898 540 2948 accuset
562 2898 594 2947 et
624 2897 783 2964 torqueat.
827 2886 892 2946 Sed
915 2886 990 2962 quia

234 2990 294 3042 tarn
326 2983 503 3044 immanem
535 2994 715 3060 raptorem,
746 2994 810 3045 tam
846 2993 988 3043 astutum

192 3079 435 3158 circatorem,
456 3091 519 3142 tam
543 3083 690 3143 strictum
707 3093 902 3156 exactorem,
924 3091 987 3140 tam

192 3161 348 3238 durum
377 3189 619 3256 accusatorem,
649 3192 681 3241 et
709 3197 862 3241 severum
892 3189 1025 3238 torto-25

237 3292 300 3336 rem
323 3294 389 3336 non
411 3278 552 3338 attendis
574 3295 634 3338 nec
660 3278 827 3352 formidas,
856 3277 974 3335 necfu

237 3383 303 3434 tura
324 3377 408 3435 mala
430 3387 462 3436 et
476 3376 648 3435 infernalia
663 3386 825 3436 tormenta
847 3392 918 3434 raro
935 3385 988 3434 aut

237 3487 344 3544 parum
367 3474 560 3549 perpendis;
583 3474 657 3533 ideo
680 3473 841 3549 torpescis
863 3483 895 3532 et
917 3473 988 3531 dor-

238 3569 343 3630 mitas:
366 3582 398 3632 et
413 3580 575 3647 tamquam
592 3582 741 3631 mortuus
763 3571 796 3630 in
813 3571 987 3645 sepulchro

239 3663 319 3727 iaces
342 3678 374 3727 et
395 3678 494 3728 taces.
538 3669 611 3728 Non
634 3679 686 3728 est
708 3669 797 3727 labor
826 3679 889 3728 tam
919 3685 1024 3743 gra-so

240 3762 293 3839 vis,
314 3782 375 3824 nec
397 3766 491 3825 dolor
511 3776 575 3825 tam
598 3768 752 3826 acerbus:
782 3765 860 3841 quin
883 3766 987 3824 levior

596 3870 623 3911 ⁴7
