2692 4659
362 671 524 724 mm
552 670 714 712 SERMONES
729 671 769 713 An
786 671 935 714 NOVICIOS
959 672 1124 725 &ww

366 804 451 864 Hinc
475 804 632 866 Christus
653 821 713 881 per
734 805 864 865 beatum
887 805 1068 865 Iohannem
1092 806 1125 865 in

365 901 563 979 Apocalypsi
595 903 735 978 loquens
766 904 955 963 adhortatur
989 912 1130 963 strenue

365 999 495 1059 fidelem
513 1000 650 1060 militem
673 1017 769 1059 suum
793 1010 934 1059 certare:
957 1008 989 1059 et
1012 1010 1126 1060 contra

365 1097 482 1157 diaboli
506 1097 669 1174 nequitias
691 1113 751 1172 per
778 1096 941 1156 orationes
971 1107 1003 1157 et
1032 1116 1126 1158 sacra

341 1194 471 1255 sstudia
486 1195 631 1271 vigilare.
667 1195 744 1254 Esto
767 1193 872 1270 inquit
894 1195 1000 1255 fidelis
1018 1213 1123 1273 usque

365 1294 403 1353 ad
426 1302 582 1353 mortem:
612 1301 644 1352 et
666 1293 747 1353 dabo
772 1293 828 1353 tibi
852 1310 1004 1353 coronam
1027 1294 1121 1353 vitae.

367 1392 404 1451 Et
416 1390 532 1451 iterum
549 1390 582 1449 in
599 1393 725 1453 eodem.
748 1390 900 1452 Vincenti
912 1391 993 1450 dabo
1005 1408 1124 1451 manna

365 1488 610 1549 absconditum:
651 1500 683 1550 et
718 1508 838 1551 nomen
878 1506 999 1550 novum
1036 1489 1122 1565 quod

365 1605 462 1647 nemo
478 1588 539 1647 scit
555 1587 618 1647 nisi
635 1588 689 1664 qui
707 1588 833 1665 accipit.
864 1589 913 1648 De
929 1606 993 1665 quo
1008 1588 1125 1647 beatus

330 1700 355 1740 ro
367 1685 487 1745 Paulus
510 1685 562 1746 ait.
606 1685 712 1745 Nemo
735 1686 958 1746 coronabitur:
981 1685 1044 1745 nisi
1068 1685 1123 1761 qui

366 1782 509 1859 legitime
539 1783 721 1844 certaverit.
766 1785 839 1844 Duo
868 1783 1011 1860 pretiosa
1039 1783 1127 1842 dona

367 1880 522 1942 Christus
546 1880 703 1956 promittit
732 1880 878 1941 bellatori
908 1897 968 1940 suo
998 1896 1039 1939 ne
1070 1880 1126 1939 de·

366 1977 452 2037 ficiat
480 1978 513 2038 in
540 1978 718 2038 certamine
741 1989 853 2039 contra
875 1978 968 2053 vitia;
997 1977 1126 2038 scilicet

366 2092 484 2134 manna
519 2074 648 2135 divinae
689 2076 922 2136 consolationis
961 2075 995 2134 in
1030 2092 1125 2150 prae-

332 2172 469 2232 issenti:
498 2184 529 2232 et
558 2190 711 2233 coronam
741 2174 896 2251 perennis
925 2172 1067 2233 laetitiae
1089 2172 1125 2233 in

367 2287 467 2347 regno
494 2270 637 2331 caelesti.
681 2271 789 2332 Nolite
819 2289 896 2349 ergo
926 2271 1042 2330 lratres
1072 2287 1126 2329 se·

367 2368 440 2428 duci
473 2368 624 2429 inanibus
660 2370 770 2429 verbis
805 2387 863 2447 per
893 2368 1016 2429 amicos
1052 2385 1127 2428 sae·

367 2468 512 2541 culares‚
538 2483 599 2526 nec
621 2468 795 2528 attendatis
817 2470 856 2528 ad
879 2469 1021 2526 honores
1044 2475 1128 2525 tem·

366 2563 510 2639 porales:
546 2564 603 2623 sed
635 2573 744 2624 tenete
780 2565 897 2624 bonam
934 2574 965 2624 et
1001 2574 1126 2626 rectam

330 2662 451 2721 aoviam
475 2678 534 2736 per
562 2662 743 2737 regularem
766 2662 864 2721 vitam
891 2662 1128 2738 perducentem

366 2760 406 2818 ad
436 2758 534 2818 vitam
567 2769 742 2818 aeternam.
793 2759 900 2835 Quam
932 2759 1027 2818 nobis
1058 2777 1128 2820 orn·

368 2858 464 2916 nibus
487 2856 649 2915 Dominus
678 2856 771 2916 Iesus
794 2856 949 2917 Christus
978 2867 1053 2932 post
1081 2858 1128 2918 la·

366 2956 463 3014 bores
499 2964 530 3014 et
566 2954 696 3013 dolores
727 2954 825 3013 huius
856 2954 1002 3014 mortalis
1038 2956 1128 3017 vitae

367 3052 541 3127 concedat3
569 3051 623 3127 qui
654 3069 712 3127 pro
734 3062 845 3111 nostra
869 3052 974 3112 salute
998 3052 1129 3114 lortiter

330 3164 357 3203 25
367 3149 400 3209 in
416 3150 538 3209 mundo
553 3149 721 3224 laboravit,
736 3150 881 3224 certavit,
897 3149 1009 3225 doluit,
1026 3149 1127 3226 flevit,

367 3246 488 3306 oravit:
523 3263 641 3323 passus
677 3256 709 3306 et
741 3247 916 3307 crucifixus
947 3248 1126 3325 triumpha-

368 3343 422 3404 vit.
459 3343 578 3404 Arnen.

715 3518 770 3571 82
