2692 4659
310 675 591 729 mmmmm
607 674 773 719 rnorocvs
788 676 1073 730 wsmari)

312 825 410 885 saepe
432 809 505 885 plus
528 819 661 870 movent
684 810 854 872 audientes
880 828 976 887 quam
999 812 1072 871 sola

311 906 427 967 verba:
455 906 577 967 idcirco
607 925 699 969 more
728 909 813 971 beati
837 907 990 985 Gregorii
1020 908 1069 969 in-

312 1014 474 1080 structus,
502 1004 536 1064 in
566 1005 733 1082 plerisque
763 1007 844 1067 locis
873 1015 946 1082 post
968 1004 1069 1065 finem

312 1101 475 1162 sermonis
497 1119 555 1177 pro
578 1102 692 1163 maiori
715 1103 897 1165 assertione
919 1104 1070 1178 exempla

289 1201 471 1276 squaedam
508 1201 594 1262 sicut
636 1203 814 1263 memoriae
854 1201 1070 1261 occurrebant

312 1298 456 1359 breviter
477 1298 640 1359 annotavi.
679 1299 856 1361 Gratanter
879 1299 995 1359 fratres
1017 1316 1069 1358 ac·

312 1396 409 1473 cipite
439 1414 522 1473 quae
551 1396 645 1457 vobis
677 1398 762 1458 sicut
794 1396 922 1457 dilectis
953 1396 1069 1457 amicis

312 1493 432 1554 offero:
454 1494 555 1555 oretis
577 1505 612 1555 ut
634 1495 700 1556 sint
716 1495 826 1555 omnia
847 1495 885 1555 ad
909 1496 1068 1554 honorem

312 1591 374 1652 Dei
398 1601 429 1652 et
451 1593 627 1655 multorum
650 1593 845 1670 proiectum.

278 1761 303 1801 10
436 1759 566 1809 Sermones
580 1760 677 1823 primae
691 1760 772 1824 partis
789 1760 864 1808 huius
881 1759 944 1808 libri.

313 1837 436 2058 ffie
450 1876 569 1919 concordia
588 1877 681 1919 fratrum
701 1886 722 1920 et
737 1877 833 1920 melodia
853 1866 942 1919 divinae

478 1947 552 1989 laudis
555 1977 938 1991 ............
1045 1966 1070 1979 ··

439 2018 473 2061 De
487 2018 637 2061 laudebonae
651 2020 837 2072 congregationis.
861 2050 867 2060 .
897 2049 902 2060 .
933 2049 938 2060 .
1032 2038 1038 2048 ·
1064 2038 1068 2047 ·

314 2090 347 2131 De
355 2092 430 2132 verbis
437 2090 568 2132 eteonsssiis
576 2092 692 2132 seniorum
701 2089 940 2133 humiliteraudiendis

279 2162 303 2202 15
314 2161 347 2203 De
362 2162 427 2203 bonis
442 2161 563 2215 colloquiis
578 2162 674 2204 invicem
690 2162 831 2204 habendis..
860 2192 866 2203 .
896 2192 902 2204 .
932 2192 937 2203 .

314 2232 346 2273 De
366 2233 471 2285 patientia
489 2232 642 2274 conservanda
661 2234 719 2274 inter
739 2232 829 2275 desides
852 2241 872 2274 et
892 2244 940 2285 per-

366 2315 445 2345 versos
448 2332 938 2346 ...............

313 2373 347 2415 De
361 2373 447 2426 viglliis
466 2376 581 2416 nocturnis
600 2383 677 2416 contra
696 2375 887 2427 impugnationem
905 2385 941 2415 so·

366 2447 429 2498 poris
467 2474 939 2488 ..............

276 2515 347 2560 eone
366 2516 468 2558 custodia
489 2518 537 2557 oris
559 2525 579 2557 et
601 2516 716 2568 diligentia
738 2517 814 2569 operls
834 2527 884 2557 cum
904 2516 941 2557 ob·

365 2587 476 2629 oedientia
490 2588 616 2639 superioris
649 2616 942 2628 .........

315 2659 348 2701 De
365 2671 420 2701 vana
439 2658 510 2712 gloria
529 2657 627 2699 cavenda
646 2666 666 2699 et
687 2657 746 2711 quod
765 2657 809 2698 soli
826 2656 874 2698 Deo
893 2656 942 2697 laus

367 2738 401 2771 est
416 2729 540 2771 exhibenda
543 2757 941 2771 ............

314 2801 348 2843 De
367 2801 467 2855 periculo
487 2799 608 2841 multorum
629 2798 739 2840 malorum
756 2810 782 2840 ex
800 2798 943 2852 multiloquio

276 2872 303 2913 25
367 2873 495 2914 verborum.

506 3012 635 3062 Sermones
651 3010 774 3059 secundae
789 3010 878 3073 partis.

316 3120 349 3162 De
371 3120 449 3162 multis
472 3120 654 3161 tribulationibus
676 3120 787 3160 iustorum
811 3129 852 3170 pro
877 3128 944 3169 regno

367 3191 478 3233 caelorum
481 3218 939 3232 ..............
1048 3189 1075 3231 X·

315 3262 348 3303 De
363 3262 474 3304 cotidiano
489 3262 596 3315 martyrlo
606 3270 627 3303 ct
638 3261 697 3302 bello
713 3261 735 3301 in
746 3268 804 3301 statu
817 3259 942 3310 religionis.
1035 3259 1076 3300 xl.

277 3336 304 3376 30
316 3333 349 3375 De
363 3335 474 3387 sapientia
488 3332 646 3374 confessorum
666 3341 687 3373 et
702 3331 838 3372 continentia
858 3329 945 3381 religio-

367 3416 444 3446 sorum
447 3430 942 3447 ...............
1025 3401 1077 3443 xll-

317 3475 349 3517 De
368 3485 431 3517 cauta
451 3474 553 3517 custodia
572 3473 647 3515 cordis
667 3481 688 3515 et
708 3474 778 3525 gratIa
797 3474 895 3513 internae
910 3472 946 3513 de·

368 3548 466 3589 votionls
469 3574 941 3590 ..............
1012 3544 1079 3586 Xlll·

316 3620 349 3662 De
364 3623 487 3663 constantia
501 3628 522 3662 et
537 3619 703 3672 perseverantia
717 3619 740 3659 lu
755 3626 814 3659 statu
825 3616 950 3669 religionis
1009 3613 1078 3657 llllll

277 3691 305 3731 35
316 3692 349 3733 De
364 3700 427 3734 cauta
441 3691 542 3734 custodia
558 3692 664 3733 iuvenum
680 3697 757 3730 contra
778 3688 859 3729 multas
877 3695 947 3738 temp-

369 3766 463 3806 tationes
