2692 4659
310 645 471 698 &amc-am
499 644 661 687 sennoues
677 646 716 687 nn
733 644 882 688 uovrclos
907 646 1076 698 ww

327 787 383 846 DE
405 786 551 846 VARIIS
575 787 725 847 BELLIS
749 785 800 847 ET
824 788 1059 849 PERICVLIS

542 884 677 943 HVIVS
699 883 840 944 VITAE.

589 1033 709 1083 SERMO
727 1032 792 1081 XIX.

314 1110 329 1149 ἡ

315 1108 490 1329 &Aac
519 1170 717 1244 concupiscit
736 1171 888 1229 adversus
908 1170 1073 1244 spiritum,

289 1286 303 1324 5
445 1268 578 1342 spiritus
605 1272 713 1327 autem
742 1268 894 1327 adversus
922 1284 1075 1328 comem:

312 1368 391 1427 hoec
411 1366 496 1426 enirn
517 1366 579 1424 sibi
600 1365 735 1425 invicem
757 1368 976 1426 adversantur.
1014 1368 1073 1426 Di·

312 1465 386 1524 lecti
410 1463 527 1524 fratres
549 1462 710 1537 superiori
729 1481 882 1523 sermone
904 1482 1007 1540 pauca
1029 1466 1072 1525 de

312 1560 471 1637 spirituali
482 1570 668 1620 sanctorum
682 1560 796 1620 militia
806 1561 958 1622 audistis:
981 1580 1070 1622 nunc

313 1669 552 1734 consequenter
587 1659 628 1717 de
663 1658 804 1717 diversis
835 1658 930 1717 bellis
961 1659 1072 1735 aliqua

279 1756 450 1815 indicenda
477 1766 570 1828 sunt,
599 1755 637 1815 ad
668 1756 849 1815 cavendum
880 1756 1016 1832 laqueos
1039 1767 1070 1817 et

312 1853 405 1912 dolos
427 1853 590 1929 serpentis
608 1853 749 1929 antiqui3
772 1854 826 1929 qui
842 1854 988 1930 nequitia
1004 1856 1070 1931 ple-

312 1969 375 2011 nus
396 1961 559 2027 tamquam
589 1951 640 2010 leo
670 1951 803 2027 rugiens
832 1951 948 2011 circuit
972 1969 1070 2028 quae-

313 2066 389 2108 rens
411 2065 508 2125 quem
531 2049 681 2108 devoret:
703 2058 735 2109 et
750 2048 936 2124 specialiter
957 2060 1071 2110 contra

312 2148 461 2206 novellos
483 2146 603 2206 milites
626 2145 751 2206 Christi
775 2146 927 2207 atrociter
950 2146 1070 2208 iremit.

280 2266 304 2304 15
314 2244 440 2304 Invidet
462 2244 548 2303 enim
572 2243 620 2303 eis
642 2243 776 2319 gloriam
793 2244 883 2321 regni
900 2245 1070 2306 caelestis:

314 2342 399 2401 unde
421 2342 492 2417 ipse
520 2341 627 2401 subito
650 2358 708 2416 per
736 2342 921 2416 superbiam
952 2344 1071 2403 cecidit

314 2457 386 2499 cum
419 2439 539 2499 multis,
590 2438 697 2499 Cuius
727 2439 941 2514 persuasione
973 2441 1073 2515 pesti·

314 2537 382 2597 fera
412 2538 523 2613 plures
553 2536 776 2612 decipiuntur3
808 2548 839 2598 et
875 2539 1073 2614 quandoque

315 2635 428 2695 famosi
452 2633 512 2694 viri
536 2634 568 2693 in
584 2633 722 2693 scientia
742 2643 773 2693 et
789 2634 948 2710 regimine
971 2636 1072 2696 subli-

277 2731 388 2794 aomati
412 2739 603 2790 erraverunt
624 2748 707 2790 vana
728 2731 831 2806 gloria
853 2730 982 2791 iniecti:
1015 2733 1071 2810 qui

313 2828 481 2888 hominum
514 2827 655 2886 amicitia
686 2827 779 2887 tracti
814 2828 895 2903 lapsi
927 2840 1005 2890 sunt
1041 2841 1073 2891 et

312 2926 453 3002 graviter
468 2924 638 2984 vulnerati.
668 2924 793 2985 Cavete
815 2937 923 2986 autem
941 2928 1073 2988 noviter

313 3022 463 3082 conversi
487 3021 603 3082 fratres
625 3039 643 3080 a
664 3022 792 3081 duobus
807 3024 982 3099 praecipue
1005 3043 1071 3085 ma·

313 3120 370 3179 lis:
399 3119 524 3179 scilicet
552 3137 570 3178 a
600 3119 774 3179 desideriis
804 3122 989 3182 carnalibus
1021 3141 1070 3183 re-

276 3228 410 3294 aspente
432 3218 632 3277 irruentibus
661 3235 720 3294 per
749 3218 894 3294 quinque
923 3221 1071 3296 corporis

313 3332 449 3391 sensus;
477 3325 509 3375 et
530 3333 548 3374 a
569 3315 722 3391 superbia
744 3317 863 3377 mentis
894 3334 953 3393 per
975 3336 1070 3395 appe-

312 3413 406 3474 titum
429 3430 531 3473 vanae
553 3413 674 3472 laudis:
702 3430 743 3472 ne
764 3414 898 3489 gratiam
921 3413 1070 3474 internae

313 3510 496 3570 devotionis
511 3509 653 3586 perdatis
669 3528 743 3570 cum
755 3511 906 3570 mercede
918 3522 1070 3572 aeternae

314 3608 546 3669 retributionis.
590 3608 709 3668 Militia
737 3618 848 3668 nostra
877 3608 995 3669 fratres
1019 3626 1070 3669 ea·

276 3705 452 3780 sanissimi,
482 3723 547 3765 non
577 3714 628 3765 est
655 3705 795 3765 camalis
817 3706 977 3781 potentia:
1009 3708 1070 3767 sed

672 3811 711 3852 154
