2692 4659
315 678 476 730 &wod
493 676 561 719 vira
577 674 741 719 croawrcrs
756 674 895 718 vrnonus
913 674 1060 728 mamm

315 821 410 871 tanae
427 810 527 870 lebris
542 828 713 871 accessum
730 809 879 869 febrilem
897 826 963 869 non
978 808 1062 885 patie-

315 909 422 968 batur:
438 909 566 968 duobus
581 908 698 968 diebus
711 907 913 967 coniunctim
925 908 966 968 de
976 905 1062 967 mani-

315 1007 377 1066 bus
399 1007 627 1066 conlessorum
651 1023 786 1066 suorum
806 1005 1063 1066 communicabat.

317 1102 392 1163 Erat
420 1114 527 1163 autem
557 1105 620 1163 hoc
649 1113 799 1164 sanctum
828 1114 861 1164 et
889 1102 1063 1164 venerabile

293 1200 463 1275 scorporis
479 1200 605 1262 Christi
629 1210 871 1261 sacramentum
894 1201 1010 1278 virgini
1026 1200 1062 1259 in·

317 1298 474 1373 firmanti,
505 1316 570 1358 non
602 1300 710 1359 solum
741 1298 922 1375 spiritualis
950 1299 1062 1358 animae

316 1414 395 1456 suae
418 1397 571 1457 refectio:
593 1397 652 1456 sed
675 1395 771 1456 etiam
795 1396 944 1472 corporis
965 1392 1061 1455 aillicti

316 1494 472 1554 relevatio
495 1495 653 1570 quaedam
677 1503 709 1554 et
731 1493 938 1553 sustentatio.
982 1493 1060 1552 Prae·

316 1592 411 1667 cipue
438 1601 547 1652 tamen
570 1603 718 1667 tempore
740 1592 925 1651 subtractae
946 1590 1059 1667 gratiae,

282 1707 353 1748 roae
376 1690 505 1750 divinae
527 1689 763 1749 consolationis
785 1687 984 1764 privamine:
1012 1690 1058 1747 hoc

316 1799 559 1847 sacrosanctum
577 1786 742 1847 Dominici
765 1786 914 1862 corporis
934 1787 1057 1862 epulum,

317 1886 465 1946 crebrius
486 1886 635 1945 sumebat
651 1885 685 1944 in
701 1884 866 1960 singulare
882 1883 1057 1943 subsidium.

317 1984 400 2042 Nam
422 1984 551 2043 interna
572 1983 703 2042 divinae
725 1980 962 2042 consolationis
974 1978 1058 2057 gratia
1096 2047 1098 2068 Ι

316 2090 384 2139 erat
399 2080 460 2140 sibi
475 2080 622 2157 corporis
634 2090 666 2139 et
676 2079 804 2139 animae
816 2079 963 2153 relectio,
978 2089 1056 2155 quan
1094 2075 1098 2160 l

282 2175 1058 2254 issaepiusexperiebaturinabundantiaspiritus

317 2285 348 2335 et
364 2275 485 2335 laetitia
497 2276 620 2351 cordis;
636 2292 676 2335 ex
687 2275 782 2334 cuius
792 2274 911 2334 iterum
924 2271 1058 2341 carentia

316 2374 349 2433 in
383 2384 506 2434 tantum
539 2391 675 2450 corpore
707 2372 953 2433 debilitabatur:
988 2365 1058 2448 quod

316 2473 408 2549 quasi
425 2473 497 2532 sine
510 2473 670 2548 spirituali
683 2471 863 2531 reiectione
875 2488 941 2531 non
952 2470 1059 2530 valeret

316 2573 496 2632 subsistere
516 2581 548 2631 et
564 2568 777 2645 corporaliter
792 2569 916 2629 vivere.
950 2569 1021 2628 ldeo
1033 2569 1059 2621 ut

278 2687 306 2727 20
315 2670 436 2731 dictum
453 2679 502 2729 est
514 2686 633 2745 corpus
645 2667 771 2728 Christi
783 2667 937 2727 ardenter
947 2664 1060 2726 sitiebat

315 2767 400 2827 etin
424 2766 683 2826 sustentaculum
706 2764 791 2823 vitae
814 2764 957 2840 accepit:
979 2780 1018 2823 ne
1035 2758 1060 2817 in

313 2865 574 2940 peregrinatione
597 2861 762 2938 praesenti
779 2862 840 2921 sub
857 2878 959 2921 onere
974 2856 1061 2919 alllic·

313 2962 412 3021 tionis
434 2962 553 3021 lassata
575 2960 748 3036 expiraret.
788 2960 823 3018 ln
846 2959 943 3018 cuius
965 2970 1061 3030 sump

313 3059 401 3119 tione
423 3069 511 3118 tanto
527 3052 638 3118 divino
654 3057 779 3117 lumine
795 3056 988 3133 frequenter
1002 3054 1062 3113 illu·

277 3174 304 3213 25
314 3157 509 3216 minabatur:
525 3156 612 3232 quod
628 3156 714 3215 sicut
729 3154 955 3230 corporalibus
970 3148 1064 3213 oculis

314 3254 525 3330 corporaliter
553 3254 699 3313 videbat:
729 3253 772 3312 ita
801 3262 833 3312 et
862 3251 934 3327 ipsa
962 3263 1064 3325 super·

313 3351 445 3410 caelesti
476 3352 538 3410 hoc
567 3351 691 3411 lumine
716 3350 866 3427 perfusa,
895 3348 1006 3408 omnia
1026 3346 1064 3405 in·

313 3450 433 3509 teriora
463 3468 522 3509 sua
553 3451 648 3509 oculo
680 3447 812 3508 mentali
844 3445 1064 3522 perspiciebat.

314 3547 385 3606 Hoc
409 3547 494 3606 idern
517 3557 549 3606 et
572 3547 604 3605 in
620 3546 740 3606 ceteris
755 3544 960 3620 temporibus
975 3554 1064 3617 saepe

276 3644 342 3704 aoei
366 3644 515 3721 contigit:
541 3644 572 3702 in
596 3643 781 3719 praesentia
803 3642 939 3702 luminis
961 3636 1064 3708 divini,

312 3753 344 3801 et
373 3752 464 3817 raptu
491 3742 576 3802 vitae
599 3740 881 3817 contemplativae.
924 3740 1017 3800 Vnde
1038 3741 1063 3795 et

670 3847 712 3887 aaa
