2692 4659
363 657 523 711 mm
551 657 713 700 SERMONES
729 658 769 700 nb
784 657 934 700 NOVICIOS
957 658 1122 711 ww

364 801 527 868 tamquam
544 790 664 851 vicario
677 790 738 851 Dei
755 791 878 853 studuit
893 792 1124 853 incunctanter

365 889 535 950 oboedire:
551 899 586 949 ut
600 906 661 949 nec
678 888 716 948 ad
733 888 959 949 dormiendum
976 889 1122 967 quidem,

365 987 437 1047 sine
457 986 529 1047 eius
549 986 680 1046 licentia
702 986 749 1046 ire
764 996 998 1064 praesumeret.
1035 988 1121 1048 Nam

365 1085 450 1145 trina
469 1084 542 1145 vice
571 1102 589 1143 a
613 1084 754 1144 Domino
783 1084 816 1144 in
845 1095 940 1146 nocte
967 1094 1123 1146 vocatus:

343 1183 472 1243 sstatim
516 1182 555 1242 de
597 1182 716 1243 lectulo
759 1183 908 1243 surrexit.
965 1183 1003 1243 Et
1045 1182 1123 1259 quia

366 1279 507 1339 divinam
539 1278 772 1339 revelationem
803 1279 908 1339 adhuc
944 1279 1124 1357 ignorabat,

366 1377 404 1437 ad
440 1387 549 1438 notam
585 1376 646 1437 sibi
683 1376 862 1437 sacerdotis
902 1378 1122 1453 praesentiam

365 1476 570 1553 promptulus
591 1474 750 1536 cucurrit:
773 1484 805 1534 et
819 1492 934 1535 vocem
949 1493 1046 1551 quam
1067 1494 1124 1536 au·

366 1573 462 1650 divit,
490 1573 609 1634 iudicio
629 1572 762 1649 praelati
785 1573 836 1632 sui
860 1573 1025 1650 exposuit3
1048 1574 1124 1650 plus

333 1671 505 1733 rocredens
535 1671 715 1732 industriae
745 1670 886 1731 senioris
917 1688 954 1731 ac
983 1672 1124 1732 consilio

366 1768 561 1831 sacerdotis:
590 1785 686 1845 quam
710 1786 789 1828 suae
811 1768 1017 1829 innocentiae
1038 1786 1125 1846 quae

367 1868 407 1928 de
436 1866 522 1927 lacili
549 1875 674 1943 poterat
703 1866 735 1926 in
765 1866 902 1927 secretis
925 1867 985 1927 Dei
1015 1866 1123 1944 decipi

367 1975 421 2025 aut
450 1963 589 2024 inaniter
618 1964 749 2024 elevari.
792 1962 822 2025 O
851 1965 956 2041 qualis
985 1964 1047 2025 erit
1069 1965 1124 2025 hic

367 2079 449 2139 puer
470 2061 502 2120 in
526 2060 651 2121 futuro:
680 2061 735 2138 qui
764 2070 828 2121 tam
851 2062 1070 2139 obsequiosus
1093 2072 1126 2123 et

334 2183 358 2223 15
368 2161 546 2221 oboediens
566 2160 627 2221 luit
648 2160 770 2221 seniori
786 2160 819 2220 in
835 2159 920 2220 vitae
935 2159 1125 2236 primordio.

369 2258 469 2319 Certe
491 2268 660 2318 crescente
683 2267 803 2333 aetate,
832 2256 999 2317 concrevit
1027 2267 1059 2317 et
1081 2258 1126 2317 al·

368 2357 460 2417 tioris
476 2355 686 2417 revelationis
701 2355 818 2432 gratia:
840 2365 875 2415 ut
890 2367 962 2431 post
985 2364 1124 2416 mortem

368 2453 547 2514 sacerdotis
569 2453 619 2514 sui
642 2453 740 2514 iudex
762 2453 855 2513 lieret
877 2454 975 2514 totius
995 2454 1125 2530 populi3

368 2560 400 2610 et
422 2568 462 2610 ex
483 2550 630 2610 iussione
646 2549 779 2609 Domini
800 2566 894 2625 reges
917 2560 1070 2626 ungeret:
1093 2561 1126 2612 et

331 2649 487 2711 aovirtutc
516 2647 672 2708 orationis
701 2647 877 2723 potentiam
914 2646 1123 2709 inimicorum

368 2746 554 2806 debellaret.
597 2744 833 2821 Cognoverunt
855 2744 942 2805 enim
968 2762 1085 2806 omnes
1107 2764 1125 2806 a

368 2845 440 2903 Dan
469 2860 574 2920 usque
603 2843 784 2904 Bersabee:
817 2844 903 2919 quod
933 2843 1039 2903 fidelis
1068 2843 1124 2904 Sa-

368 2941 455 3002 muel
477 2942 635 3017 propheta
663 2950 752 3000 esset
774 2939 917 3000 Domini.
960 2941 1026 3017 Qui
1054 2959 1125 3003 sae-

367 3039 442 3115 pius
470 3055 655 3098 convocans
683 3038 856 3115 populum,
887 3049 919 3098 et
942 3037 1003 3097 Dei
1025 3040 1126 3101 bene·

331 3137 441 3201 aslicia
462 3154 558 3214 quam
581 3136 721 3213 plurima
742 3153 938 3211 memorans,
960 3136 1126 3214 redarguit

368 3252 426 3295 eos
457 3236 496 3295 de
527 3237 625 3297 stulta
655 3236 816 3297 idolorum
848 3237 989 3297 cultura:
1020 3246 1053 3297 et
1084 3238 1125 3299 de

368 3350 484 3410 magna
519 3333 749 3410 ingratitudine
784 3350 897 3394 eorum
929 3344 1002 3412 post
1037 3344 1127 3397 tanta

368 3431 527 3492 beneficia
555 3432 637 3493 data.
681 3433 719 3493 Et
747 3431 823 3509 quia
853 3433 959 3494 Deum
992 3435 1128 3511 saepius

368 3529 588 3589 offenderant:
610 3530 683 3590 ideo
698 3529 891 3607 gravissime
913 3531 952 3590 ab
974 3532 1128 3594 hostibus

332 3626 516 3703 aocastigari
545 3637 745 3687 meruerunt.
789 3627 916 3688 Deinde
944 3627 984 3687 ad
1012 3646 1128 3691 sacrae

368 3724 449 3801 legis
471 3724 709 3785 observantiam
733 3724 872 3785 sollicite
901 3736 1032 3787 revocat
1059 3745 1130 3788 orn-

732 3828 760 3870 ao
