2692 4659
350 702 511 755 (9,ῃὲίὲλῇ
539 700 702 745 SERMONES
717 701 757 743 nb
774 700 922 744 Novlclos
948 700 1114 753 ww

352 838 515 912 dolorem,
545 836 744 912 angustiam,
779 833 995 909 derisionem,
1026 851 1112 911 quae

353 952 451 1010 saepe
471 932 672 1009 contingunt,
694 944 726 993 et
740 933 906 993 hominem
921 943 1058 1009 gravant
1080 943 1113 993 et

353 1033 561 1093 conturbant:
584 1031 641 1090 sed
657 1032 738 1091 haec
754 1030 863 1090 omnia
877 1030 974 1089 simul
991 1029 1112 1105 iuncta,

353 1148 371 1190 a
408 1131 477 1190 Deo
513 1127 608 1189 nobis
644 1128 866 1204 dispensative
908 1127 1113 1202 transmissa,

331 1229 527 1288 ssalutarem
552 1225 710 1286 fabricant
725 1243 855 1286 crucem
878 1243 937 1302 per
958 1226 1112 1302 multipli-

354 1343 424 1385 cem
449 1342 604 1401 poenam3
626 1334 658 1383 et
681 1324 768 1383 veris
791 1324 962 1383 cruciferis
978 1340 1111 1383 crucem

354 1440 446 1482 suam
469 1422 676 1496 tollentibus,
706 1422 854 1497 aperiunt
883 1420 1034 1482 caelestis
1063 1437 1113 1480 re-

354 1521 407 1596 gni
430 1528 566 1595 portam,
588 1520 787 1580 certantibus
813 1530 1004 1596 praeparant
1025 1518 1113 1579 vitae

355 1618 510 1692 palmam:
547 1627 578 1676 et
614 1617 821 1677 vincentibus
853 1618 928 1677 dant
959 1626 1112 1676 aeternae

321 1733 345 1774 ro
354 1715 476 1791 gloriae
498 1731 661 1774 coronam.

396 1811 425 1873 Ο
448 1830 526 1872 vere
541 1813 634 1873 beata
648 1830 727 1872 crux
744 1812 880 1887 Christi,
902 1828 984 1887 quae
1000 1827 1112 1886 regem

355 1909 519 1969 caelorum
536 1920 664 1985 portare
679 1910 844 1970 meruisti:
866 1920 897 1971 et
917 1910 973 1971 toti
989 1909 1114 1969 mundo

355 2008 507 2084 gaudium
540 2009 654 2068 salutis
685 2008 830 2070 attulisti.
883 2009 947 2068 Per
976 2016 1007 2067 te
1039 2007 1115 2067 dae·

357 2121 472 2165 mones
493 2106 654 2182 fugantur,
677 2106 795 2166 inlirmi
813 2115 982 2166 curantur:
1004 2105 1114 2180 pavidi

323 2202 591 2278 reconfortantur,
607 2204 716 2264 vitiosi
732 2204 939 2279 mundantur,
961 2202 1042 2279 pigri
1059 2220 1116 2263 ex-

358 2302 513 2376 citantur;
534 2301 666 2376 superbi
690 2302 912 2377 humiliantur,
934 2302 1004 2361 duri
1025 2318 1117 2361 com·

358 2410 560 2476 punguntur:
592 2411 624 2460 et
648 2400 756 2460 devoti
780 2400 910 2459 fletibus
931 2398 1119 2474 irrigantur.

360 2499 451 2558 Beati
475 2499 529 2574 qui
560 2497 746 2573 passionem
771 2497 896 2558 Christi
926 2496 1045 2556 cotidie
1068 2514 1122 2555 re-

359 2597 485 2656 colunt:
515 2605 546 2655 et
578 2612 710 2656 crucem
734 2613 825 2654 suam
849 2605 922 2670 post
944 2593 1121 2654 Christum

322 2712 349 2751 20
359 2694 502 2753 baiulare
518 2693 766 2768 concupiscunt.
793 2693 923 2752 Habent
938 2708 1024 2751 nunc
1041 2692 1122 2751 boni

360 2802 391 2851 et
413 2791 556 2867 religiosi
581 2790 698 2849 fratres
721 2791 781 2849 sub
805 2788 1009 2849 oboedientia
1031 2796 1125 2848 stan·

360 2899 409 2948 tes
443 2889 475 2948 in
507 2888 668 2947 cotidiana
699 2887 877 2947 afflictione
909 2886 1056 2961 corporis
1089 2898 1125 2948 et

361 2986 392 3045 in
420 2985 639 3061 resignatione
668 2985 820 3061 propriae
842 2983 1018 3044 voluntatis
1048 3001 1125 3044 cru·

361 3102 430 3144 cem
462 3084 541 3144 loris
571 3100 718 3158 asperam
750 3091 780 3142 et
803 3100 961 3157 amaram3
990 3082 1048 3141 sed
1072 3081 1125 3142 in·

324 3192 413 3242 astus
453 3182 624 3242 dulcedine
665 3181 814 3256 plenam:
854 3190 986 3255 propter
1026 3196 1123 3255 spem

361 3290 511 3339 aeternae
535 3279 658 3354 salutis,
681 3290 712 3339 et
735 3278 863 3338 divinae
885 3278 1124 3338 consolationis

361 3377 560 3437 allluentiam
594 3376 755 3437 tribulatis
787 3376 884 3435 corde
913 3375 1124 3452 promissam.

333 3540 335 3542 ,
362 3473 468 3550 Quam
493 3476 520 3535 si
544 3475 698 3535 continue
720 3490 785 3533 non
805 3474 960 3549 sentiunt,
982 3485 1038 3533 aut
1060 3485 1125 3536 tar-

362 3572 435 3631 dius
471 3574 608 3633 inlluere
649 3571 848 3646 percipiunt3
891 3572 1127 3648 longanimiter

326 3682 470 3732 aotamen
493 3680 665 3746 expectare
693 3671 829 3729 debent:
858 3679 889 3729 et
911 3670 1043 3731 divinae
1068 3690 1127 3732 vo·

363 3768 475 3827 luntati
507 3785 542 3827 se
572 3767 748 3843 resignare.
793 3767 875 3826 Nam
905 3766 976 3841 ipse
1001 3769 1128 3830 melius

723 3872 760 3912 178
