2692 4659
363 674 524 726 aluam
552 672 715 716 senuouas
732 674 772 715 no
789 672 939 716 novicios
962 674 1128 726 &ww

365 807 545 884 Religionis
567 825 688 868 nomen
704 824 852 884 magnam
876 808 972 867 habet
994 809 1126 869 laudem

363 906 449 965 inter
484 908 689 966 saeculares:
731 905 790 964 sed
825 904 898 965 sine
934 915 1124 982 contemptu

364 1004 486 1063 saeculi
516 1003 606 1080 parvi
635 1002 790 1079 ponderis
819 1011 868 1062 est
897 1005 981 1079 apud
1004 1004 1124 1064 Deum.

364 1101 429 1161 Sed
451 1100 529 1177 quid
550 1101 637 1160 valet
659 1101 759 1161 altum
782 1116 902 1160 nomen
928 1102 1001 1162 sine
1023 1119 1124 1178 opere

340 1200 510 1275 svirtutis3
539 1199 616 1276 quid
645 1200 779 1275 prodest
807 1200 892 1259 altus
922 1209 1025 1259 status
1050 1199 1124 1259 sine

364 1298 546 1358 humilitate
577 1307 609 1357 et
640 1297 803 1357 caritate?
852 1297 910 1356 Ille
938 1314 1017 1356 vere
1049 1297 1124 1357 reli-

363 1396 475 1471 giosus
498 1394 625 1471 estqui
648 1396 780 1455 saeculo
810 1403 926 1470 sponte
949 1393 1124 1468 renuntiat,

364 1504 396 1553 et
424 1494 521 1553 corde
543 1494 583 1553 ad
605 1493 774 1553 saeculum
797 1509 862 1551 non
892 1503 1038 1568 regyrat3
1067 1493 1124 1569 qui

363 1602 520 1667 perpetue
535 1609 572 1651 se
588 1592 658 1650 Deo
674 1590 809 1667 obligat:
832 1600 864 1650 et
879 1607 994 1650 omnes
1009 1590 1124 1650 volun-

330 1704 355 1743 ro
364 1698 446 1748 tates
469 1706 545 1748 suas
560 1699 693 1764 propter
708 1689 814 1748 Deum
839 1688 989 1764 frangere
1005 1689 1123 1749 studet.

365 1786 431 1862 Qui
462 1787 550 1846 enim
582 1804 656 1846 cum
689 1795 802 1846 sancto
834 1786 944 1845 habitu
977 1796 1008 1846 et
1037 1787 1124 1846 bono

364 1884 497 1944 nomine
519 1901 618 1960 opera
633 1883 789 1944 virtutum
813 1883 860 1943 sic
883 1884 946 1960 agit
962 1884 1125 1943 exterius:

364 1993 396 2041 et
424 1992 532 2041 tamen
562 1980 623 2041 soli
647 1981 718 2040 Deo
748 1981 780 2039 in
803 1981 892 2040 omni
922 1981 1062 2057 cogitatu
1093 1992 1126 2041 et

364 2090 437 2139 actu
460 2080 589 2155 placere
611 2079 750 2139 intendit
772 2079 927 2139 interius:
951 2079 1004 2139 hic
1027 2080 1125 2157 digne

330 2177 545 2237 relaudandus
567 2188 617 2238 est
634 2188 666 2237 et
681 2178 806 2238 amicus
823 2178 884 2237 Dei
900 2177 1124 2253 appellandus

365 2276 398 2336 Si
422 2276 514 2351 cupis
530 2293 645 2335 vanam
668 2275 803 2353 gloriam
820 2276 970 2349 vincere;
992 2275 1125 2335 attende

365 2374 511 2450 singulos
547 2375 695 2434 delectus
731 2384 805 2434 tuos
841 2373 933 2450 quasi
970 2373 1125 2432 omnibus

364 2481 476 2531 notos:
505 2480 536 2531 et
566 2471 707 2530 cessabit
729 2488 832 2531 vanae
860 2470 983 2547 gloriae
1005 2479 1125 2531 motus.

365 2567 457 2628 Cave
488 2568 745 2645 singularitatem
776 2569 885 2629 verbis
917 2577 949 2628 et
977 2567 1126 2628 moribus

327 2682 354 2723 ao
365 2666 554 2741 ostendere3
573 2666 639 2726 noli
655 2667 793 2726 nimium
810 2667 850 2726 de
866 2677 897 2727 te
912 2683 1126 2742 praesumere

365 2780 439 2822 cum
471 2779 627 2838 prospere
658 2764 714 2823 tibi
747 2764 963 2825 successerit:
995 2780 1037 2823 ne
1070 2764 1126 2823 de·

365 2861 473 2921 iciaris
495 2861 691 2921 adversitate
713 2861 894 2937 ingruente.
931 2862 1068 2921 Maricas
1091 2862 1125 2922 in

365 2959 436 3018 loco
467 2970 522 3020 tuo
551 2970 584 3019 et
612 2976 697 3034 pone
726 2968 758 3019 te
787 2961 826 3019 ad
855 2960 1061 3035 patientiam3
1093 2971 1127 3020 et

364 3056 515 3117 invenies
544 3074 656 3133 pacem
686 3067 718 3117 et
745 3058 880 3133 gratiam
913 3074 1022 3117 coram
1053 3056 1125 3116 Deo

328 3164 396 3214 2set
419 3154 622 3214 hominibus:
652 3165 684 3214 et
713 3155 778 3214 eris
801 3155 940 3214 dilectus
970 3154 1126 3215 fratribus

365 3252 501 3312 cunctis.
540 3252 604 3312 Sed
626 3269 668 3312 ne
690 3253 810 3328 aliquis
832 3253 872 3312 de
896 3252 982 3312 facili
1006 3253 1126 3329 cogitet

365 3359 490 3409 mutare
506 3350 650 3410 habitum
667 3352 719 3410 vel
735 3351 861 3411 locum:
877 3351 1017 3411 referam
1031 3351 1126 3411 vobis

365 3448 533 3507 cuiusdam
557 3448 666 3507 fratris
683 3448 803 3508 lactum
821 3449 860 3507 ad
876 3448 1034 3508 maiorem
1051 3466 1125 3509 cau-

365 3545 462 3605 telam
486 3546 679 3606 habendam.
