2692 4659
351 694 513 747 &mm
530 691 597 735 VITA
614 692 777 735 LIDEWlGlS
792 692 930 734 vlltGlle
947 692 1106 745 ffiffl

353 828 476 904 degens
498 828 561 887 hoc
583 827 680 886 modo
709 824 867 902 pervenit.
910 824 998 886 Cum
1023 826 1106 886 enirn

353 926 386 986 in
419 925 594 985 festivitate
626 923 818 984 Dominicae
853 923 1108 985 annuntiationis

353 1023 445 1099 virgo
456 1022 666 1082 memoranda
678 1021 732 1082 vix
748 1020 854 1081 media
868 1031 959 1097 parte
975 1022 1107 1081 infirmi·

354 1121 429 1181 tatis
448 1137 527 1180 suae
543 1121 704 1196 completa
719 1129 887 1195 raperetur
901 1118 940 1178 ad
958 1118 1109 1179 caelestia

331 1218 620 1294 scontemplanda3
642 1218 776 1295 contigit
796 1217 892 1278 etiam
916 1226 948 1277 et
971 1217 1108 1277 devotis-

354 1317 474 1376 simum
497 1315 621 1376 Christi
645 1316 849 1375 sacerdotem
865 1315 1107 1375 Wermboldum

355 1414 468 1474 eadem
484 1414 564 1473 hora
579 1414 618 1473 ad
629 1414 783 1473 caelestia
797 1413 954 1473 intuenda
969 1412 1108 1472 sustolli:

355 1520 498 1587 tuncque
534 1527 574 1570 ex
609 1511 669 1570 hac
706 1510 802 1570 unica
837 1518 869 1569 et
904 1510 1005 1570 simili
1038 1527 1108 1569 con·

356 1608 565 1684 templatione
587 1607 706 1683 habita,
728 1617 872 1668 mutuam
891 1608 1108 1685 cognitionem

322 1727 346 1767 ro
356 1724 452 1783 quam
468 1706 559 1782 prius
574 1723 639 1765 non
655 1706 849 1781 habuerunt,
864 1705 1003 1765 caelitus
1019 1705 1108 1765 ambo

356 1813 586 1879 conceperunt.
630 1803 838 1880 Quapropter
866 1804 952 1863 idern
977 1820 1109 1863 venera·

355 1901 431 1961 bilis
459 1911 565 1977 pater:
596 1902 668 1977 piae
697 1901 881 1962 devotionis
910 1901 1032 1962 affectu
1061 1919 1110 1962 ex-

356 2000 489 2074 citatus,
518 1999 668 2075 cupiebat
691 2002 752 2061 Dei
776 2002 928 2061 famulam
959 2018 1057 2077 quam
1080 2000 1110 2059 in

356 2098 471 2173 spiritu
487 2109 778 2175 praecognoverat:
798 2099 1023 2174 corporalibus
1039 2115 1111 2158 ocu-

323 2216 348 2255 15
358 2197 398 2256 lis
413 2196 509 2256 etiam
526 2213 726 2273 cognoscere
741 2206 773 2256 et
788 2195 909 2256 videre.
940 2196 1112 2273 Ingressus

357 2295 455 2371 igitur
476 2294 514 2353 ad
537 2292 766 2354 domunculam
789 2293 861 2353 eius
883 2293 937 2352 ubi
963 2293 1113 2371 languida

357 2391 498 2466 iacebat3
527 2402 558 2451 et
579 2392 696 2451 videns
718 2390 931 2450 calamitatem
956 2391 1030 2450 eius
1052 2408 1113 2467 qua

358 2490 575 2566 premebatur,
597 2499 760 2565 tamquam
779 2488 989 2565 evangelicus
1006 2488 1113 2549 Sarna-

359 2589 483 2647 ritanus
514 2604 614 2662 super
644 2604 715 2646 eam
750 2580 976 2646 misericordia
1007 2595 1114 2646 motus

321 2697 424 2745 zoest:
442 2696 538 2762 atque
554 2685 792 2760 compassionis
808 2684 913 2744 iaculo
929 2684 1115 2745 cordialiter

359 2785 557 2843 vulneratus
595 2784 664 2869 Nec
680 2800 771 2842 mora
792 2791 864 2857 post
880 2799 972 2841 sacra
987 2782 1029 2842 de
1046 2783 1114 2842 Deo

360 2881 534 2957 colloquia:
565 2880 709 2940 extendit
731 2896 846 2938 manus
868 2896 946 2938 suas
974 2880 1014 2939 ad
1038 2880 1115 2939 cari·

359 2979 433 3037 tatis
462 2995 569 3053 opera.
613 2978 651 3037 Et
679 2977 783 3053 primo
806 2976 937 3053 quidem
968 2977 1057 3037 dedit
1085 2977 1113 3036 ei

360 3077 491 3136 circiter
527 3096 588 3136 xxx
628 3094 762 3153 grossos
800 3075 1020 3135 Flandrenses
1058 3092 1114 3151 pro

323 3176 487 3235 25duobus
516 3174 760 3234 linteaminibus
785 3173 943 3233 emendis
989 3173 1114 3233 Deinde

360 3273 513 3332 sacerdos
536 3272 650 3348 spiritu
675 3271 735 3331 Dei
759 3288 918 3331 accensus
941 3271 1113 3331 ecclesiam

361 3371 508 3444 intravit,
536 3381 568 3430 et
592 3387 730 3430 ascenso
759 3370 898 3429 ambone
928 3386 1113 3452 sermonem

360 3470 480 3546 populo
497 3468 587 3544 lecit3
602 3468 635 3527 in
652 3485 716 3544 quo
732 3467 823 3527 duris
838 3466 1114 3543 increpationibus

361 3586 418 3627 eos
441 3568 480 3627 de
503 3566 628 3627 tenacia
651 3575 683 3625 et
705 3564 1068 3626 immisericordialitate
1083 3573 1114 3624 ut

325 3664 448 3741 aodigni
471 3673 562 3724 erant
584 3662 768 3739 castigavit:
798 3679 837 3722 eo
859 3663 946 3738 quod
975 3663 1009 3722 in
1031 3671 1114 3722 tanta

361 3761 556 3822 necessitate
567 3772 599 3821 et
609 3762 720 3821 dolore
731 3760 860 3837 iacenti,
870 3760 1021 3821 infirmae
1031 3777 1112 3821 crea·

717 3867 758 3908 loa
