<?xml version="1.0" encoding="UTF-8"?>
<!DOCTYPE html PUBLIC "-//W3C//DTD XHTML 1.0 Transitional//EN"
    "http://www.w3.org/TR/xhtml1/DTD/xhtml1-transitional.dtd">
<html xmlns="http://www.w3.org/1999/xhtml" xml:lang="en" lang="en">
 <head>
  <title>
</title>
<meta http-equiv="Content-Type" content="text/html;charset=utf-8" />
  <meta name='ocr-system' content='tesseract 3.04.00' />
  <meta name='ocr-capabilities' content='ocr_page ocr_carea ocr_par ocr_line ocrx_word'/>
</head>
<body>
  <div class='ocr_page' id='page_1' title='image "./thomaehemerkena00pohlgoog_0128.png"; bbox 0 0 2692 4659; ppageno 0'>
   <div class='ocr_carea' id='block_1_1' title="bbox 312 847 1073 903">
    <p class='ocr_par' dir='ltr' id='par_1_1' title="bbox 312 847 1073 903">
     <span class='ocr_line' id='line_1_1' title="bbox 312 847 1073 903; baseline 0 -13"><span class='ocrx_word' id='word_1_1' title='bbox 312 847 473 899; x_wconf 56' lang='lat' dir='ltr'><strong>&amp;tam</strong></span> <span class='ocrx_word' id='word_1_2' title='bbox 500 847 662 890; x_wconf 75' lang='lat' dir='ltr'><strong>senxouas</strong></span> <span class='ocrx_word' id='word_1_3' title='bbox 678 848 718 890; x_wconf 77' lang='lat' dir='ltr'><strong>xo</strong></span> <span class='ocrx_word' id='word_1_4' title='bbox 734 848 883 891; x_wconf 83' lang='lat' dir='ltr'><strong>uovmms</strong></span> <span class='ocrx_word' id='word_1_5' title='bbox 908 850 1073 903; x_wconf 45' lang='lat' dir='ltr'><strong>amman</strong></span> 
     </span>
    </p>
   </div>
   <div class='ocr_carea' id='block_1_2' title="bbox 275 980 1074 3895">
    <p class='ocr_par' dir='ltr' id='par_1_2' title="bbox 275 980 1074 3895">
     <span class='ocr_line' id='line_1_2' title="bbox 313 980 1073 1045; baseline 0.007 -5"><span class='ocrx_word' id='word_1_6' title='bbox 313 980 488 1040; x_wconf 83' lang='lat' dir='ltr'><strong>investitus</strong></span> <span class='ocrx_word' id='word_1_7' title='bbox 503 991 608 1041; x_wconf 88' lang='lat' dir='ltr'><strong>esset:</strong></span> <span class='ocrx_word' id='word_1_8' title='bbox 631 991 789 1043; x_wconf 90' lang='lat' dir='ltr'><strong>mutatum</strong></span> <span class='ocrx_word' id='word_1_9' title='bbox 806 993 857 1042; x_wconf 91' lang='lat' dir='ltr'><strong>est</strong></span> <span class='ocrx_word' id='word_1_10' title='bbox 871 1000 928 1043; x_wconf 89' lang='lat' dir='ltr'><strong>cor</strong></span> <span class='ocrx_word' id='word_1_11' title='bbox 949 983 1023 1044; x_wconf 91' lang='lat' dir='ltr'><strong>eius</strong></span> <span class='ocrx_word' id='word_1_12' title='bbox 1038 985 1073 1045; x_wconf 92' lang='lat' dir='ltr'><strong>in</strong></span> 
     </span>
     <span class='ocr_line' id='line_1_3' title="bbox 312 1078 1074 1157; baseline 0.008 -20"><span class='ocrx_word' id='word_1_13' title='bbox 312 1078 399 1137; x_wconf 93' lang='lat' dir='ltr'><strong>aliud</strong></span> <span class='ocrx_word' id='word_1_14' title='bbox 415 1095 511 1154; x_wconf 92' lang='lat' dir='ltr'><strong>quam</strong></span> <span class='ocrx_word' id='word_1_15' title='bbox 528 1080 674 1140; x_wconf 89' lang='lat' dir='ltr'><strong>credidit.</strong></span> <span class='ocrx_word' id='word_1_16' title='bbox 698 1079 883 1157; x_wconf 89' lang='lat' dir='ltr'><strong>Coepitque</strong></span> <span class='ocrx_word' id='word_1_17' title='bbox 894 1084 1074 1143; x_wconf 85' lang='lat' dir='ltr'><strong>vehemen-</strong></span> 
     </span>
     <span class='ocr_line' id='line_1_4' title="bbox 311 1178 1071 1255; baseline 0.003 -17"><span class='ocrx_word' id='word_1_18' title='bbox 311 1189 362 1238; x_wconf 86' lang='lat' dir='ltr'><strong>ter</strong></span> <span class='ocrx_word' id='word_1_19' title='bbox 385 1178 569 1239; x_wconf 89' lang='lat' dir='ltr'><strong>contristari</strong></span> <span class='ocrx_word' id='word_1_20' title='bbox 592 1188 624 1238; x_wconf 95' lang='lat' dir='ltr'><strong>et</strong></span> <span class='ocrx_word' id='word_1_21' title='bbox 650 1179 834 1255; x_wconf 90' lang='lat' dir='ltr'><strong>paenitere:</strong></span> <span class='ocrx_word' id='word_1_22' title='bbox 864 1179 939 1255; x_wconf 90' lang='lat' dir='ltr'><strong>quia</strong></span> <span class='ocrx_word' id='word_1_23' title='bbox 961 1180 1071 1240; x_wconf 92' lang='lat' dir='ltr'><strong>locum</strong></span> 
     </span>
     <span class='ocr_line' id='line_1_5' title="bbox 313 1276 1074 1354; baseline 0.004 -18"><span class='ocrx_word' id='word_1_24' title='bbox 313 1276 485 1352; x_wconf 89' lang='lat' dir='ltr'><strong>pristinum</strong></span> <span class='ocrx_word' id='word_1_25' title='bbox 502 1277 556 1337; x_wconf 94' lang='lat' dir='ltr'><strong>ubi</strong></span> <span class='ocrx_word' id='word_1_26' title='bbox 579 1276 634 1336; x_wconf 94' lang='lat' dir='ltr'><strong>diu</strong></span> <span class='ocrx_word' id='word_1_27' title='bbox 656 1278 843 1337; x_wconf 78' lang='lat' dir='ltr'><strong>morabatur</strong></span> <span class='ocrx_word' id='word_1_28' title='bbox 865 1277 1018 1354; x_wconf 82' lang='lat' dir='ltr'><strong>reliquit3</strong></span> <span class='ocrx_word' id='word_1_29' title='bbox 1041 1290 1074 1339; x_wconf 91' lang='lat' dir='ltr'><strong>et</strong></span> 
     </span>
     <span class='ocr_line' id='line_1_6' title="bbox 290 1374 1074 1436; baseline 0.006 -5"><span class='ocrx_word' id='word_1_30' title='bbox 290 1375 430 1435; x_wconf 81' lang='lat' dir='ltr'><strong>stratres</strong></span> <span class='ocrx_word' id='word_1_31' title='bbox 462 1392 540 1435; x_wconf 91' lang='lat' dir='ltr'><strong>suos</strong></span> <span class='ocrx_word' id='word_1_32' title='bbox 571 1374 644 1435; x_wconf 90' lang='lat' dir='ltr'><strong>sine</strong></span> <span class='ocrx_word' id='word_1_33' title='bbox 677 1376 784 1436; x_wconf 89' lang='lat' dir='ltr'><strong>debita</strong></span> <span class='ocrx_word' id='word_1_34' title='bbox 814 1393 913 1435; x_wconf 90' lang='lat' dir='ltr'><strong>causa</strong></span> <span class='ocrx_word' id='word_1_35' title='bbox 943 1387 1074 1436; x_wconf 87' lang='lat' dir='ltr'><strong>secrete</strong></span> 
     </span>
     <span class='ocr_line' id='line_1_7' title="bbox 313 1473 1072 1549; baseline 0.001 -17"><span class='ocrx_word' id='word_1_36' title='bbox 313 1473 452 1534; x_wconf 90' lang='lat' dir='ltr'><strong>dimisit:</strong></span> <span class='ocrx_word' id='word_1_37' title='bbox 474 1490 557 1549; x_wconf 90' lang='lat' dir='ltr'><strong>quos</strong></span> <span class='ocrx_word' id='word_1_38' title='bbox 572 1490 637 1533; x_wconf 91' lang='lat' dir='ltr'><strong>non</strong></span> <span class='ocrx_word' id='word_1_39' title='bbox 654 1490 768 1548; x_wconf 90' lang='lat' dir='ltr'><strong>parum</strong></span> <span class='ocrx_word' id='word_1_40' title='bbox 791 1474 830 1533; x_wconf 93' lang='lat' dir='ltr'><strong>de</strong></span> <span class='ocrx_word' id='word_1_41' title='bbox 853 1491 913 1534; x_wconf 90' lang='lat' dir='ltr'><strong>suo</strong></span> <span class='ocrx_word' id='word_1_42' title='bbox 936 1490 1072 1534; x_wconf 89' lang='lat' dir='ltr'><strong>recessu</strong></span> 
     </span>
     <span class='ocr_line' id='line_1_8' title="bbox 313 1570 1073 1632; baseline 0.001 -2"><span class='ocrx_word' id='word_1_43' title='bbox 313 1570 515 1631; x_wconf 86' lang='lat' dir='ltr'><strong>contristavit</strong></span> <span class='ocrx_word' id='word_1_44' title='bbox 546 1581 578 1630; x_wconf 90' lang='lat' dir='ltr'><strong>et</strong></span> <span class='ocrx_word' id='word_1_45' title='bbox 609 1571 767 1631; x_wconf 82' lang='lat' dir='ltr'><strong>confudit.</strong></span> <span class='ocrx_word' id='word_1_46' title='bbox 806 1572 870 1632; x_wconf 89' lang='lat' dir='ltr'><strong>Vix</strong></span> <span class='ocrx_word' id='word_1_47' title='bbox 898 1580 971 1631; x_wconf 92' lang='lat' dir='ltr'><strong>octo</strong></span> <span class='ocrx_word' id='word_1_48' title='bbox 1001 1572 1073 1632; x_wconf 92' lang='lat' dir='ltr'><strong>dies</strong></span> 
     </span>
     <span class='ocr_line' id='line_1_9' title="bbox 313 1669 1073 1744; baseline -0.001 -17"><span class='ocrx_word' id='word_1_49' title='bbox 313 1669 584 1743; x_wconf 81' lang='lat' dir='ltr'><strong>intercesserant3</strong></span> <span class='ocrx_word' id='word_1_50' title='bbox 617 1678 648 1728; x_wconf 92' lang='lat' dir='ltr'><strong>et</strong></span> <span class='ocrx_word' id='word_1_51' title='bbox 677 1669 710 1728; x_wconf 93' lang='lat' dir='ltr'><strong>in</strong></span> <span class='ocrx_word' id='word_1_52' title='bbox 739 1678 862 1729; x_wconf 87' lang='lat' dir='ltr'><strong>tantum</strong></span> <span class='ocrx_word' id='word_1_53' title='bbox 892 1686 969 1744; x_wconf 90' lang='lat' dir='ltr'><strong>prae</strong></span> <span class='ocrx_word' id='word_1_54' title='bbox 996 1685 1073 1727; x_wconf 91' lang='lat' dir='ltr'><strong>con-</strong></span> 
     </span>
     <span class='ocr_line' id='line_1_10' title="bbox 314 1765 1072 1842; baseline -0.001 -17"><span class='ocrx_word' id='word_1_55' title='bbox 314 1765 443 1826; x_wconf 80' lang='lat' dir='ltr'><strong>fusione</strong></span> <span class='ocrx_word' id='word_1_56' title='bbox 465 1766 585 1826; x_wconf 88' lang='lat' dir='ltr'><strong>mentis</strong></span> <span class='ocrx_word' id='word_1_57' title='bbox 609 1766 712 1826; x_wconf 90' lang='lat' dir='ltr'><strong>doluit</strong></span> <span class='ocrx_word' id='word_1_58' title='bbox 734 1777 765 1826; x_wconf 93' lang='lat' dir='ltr'><strong>et</strong></span> <span class='ocrx_word' id='word_1_59' title='bbox 787 1765 961 1842; x_wconf 86' lang='lat' dir='ltr'><strong>ingemuit:</strong></span> <span class='ocrx_word' id='word_1_60' title='bbox 984 1766 1072 1841; x_wconf 92' lang='lat' dir='ltr'><strong>quod</strong></span> 
     </span>
     <span class='ocr_line' id='line_1_11' title="bbox 280 1863 1072 1939; baseline 0.004 -21"><span class='ocrx_word' id='word_1_61' title='bbox 280 1879 374 1924; x_wconf 80' lang='lat' dir='ltr'><strong>ionec</strong></span> <span class='ocrx_word' id='word_1_62' title='bbox 397 1864 570 1924; x_wconf 87' lang='lat' dir='ltr'><strong>comedere</strong></span> <span class='ocrx_word' id='word_1_63' title='bbox 592 1880 653 1922; x_wconf 88' lang='lat' dir='ltr'><strong>nec</strong></span> <span class='ocrx_word' id='word_1_64' title='bbox 669 1863 811 1923; x_wconf 88' lang='lat' dir='ltr'><strong>dormire</strong></span> <span class='ocrx_word' id='word_1_65' title='bbox 828 1863 939 1939; x_wconf 90' lang='lat' dir='ltr'><strong>potuit.</strong></span> <span class='ocrx_word' id='word_1_66' title='bbox 970 1863 1072 1922; x_wconf 88' lang='lat' dir='ltr'><strong>Inter-</strong></span> 
     </span>
     <span class='ocr_line' id='line_1_12' title="bbox 314 1961 1073 2038; baseline -0.003 -17"><span class='ocrx_word' id='word_1_67' title='bbox 314 1972 443 2038; x_wconf 88' lang='lat' dir='ltr'><strong>rogatus</strong></span> <span class='ocrx_word' id='word_1_68' title='bbox 458 1979 535 2038; x_wconf 85' lang='lat' dir='ltr'><strong>ergo</strong></span> <span class='ocrx_word' id='word_1_69' title='bbox 551 1961 628 2038; x_wconf 90' lang='lat' dir='ltr'><strong>quid</strong></span> <span class='ocrx_word' id='word_1_70' title='bbox 640 1962 702 2021; x_wconf 91' lang='lat' dir='ltr'><strong>sibi</strong></span> <span class='ocrx_word' id='word_1_71' title='bbox 718 1962 862 2021; x_wconf 87' lang='lat' dir='ltr'><strong>obesset:</strong></span> <span class='ocrx_word' id='word_1_72' title='bbox 879 1962 966 2021; x_wconf 87' lang='lat' dir='ltr'><strong>dixit.</strong></span> <span class='ocrx_word' id='word_1_73' title='bbox 992 1961 1073 2020; x_wconf 93' lang='lat' dir='ltr'><strong>Nul-</strong></span> 
     </span>
     <span class='ocr_line' id='line_1_13' title="bbox 313 2058 1073 2135; baseline -0.003 -16"><span class='ocrx_word' id='word_1_74' title='bbox 313 2060 441 2119; x_wconf 90' lang='lat' dir='ltr'><strong>latenus</strong></span> <span class='ocrx_word' id='word_1_75' title='bbox 456 2076 590 2135; x_wconf 92' lang='lat' dir='ltr'><strong>possum</strong></span> <span class='ocrx_word' id='word_1_76' title='bbox 613 2059 646 2118; x_wconf 92' lang='lat' dir='ltr'><strong>in</strong></span> <span class='ocrx_word' id='word_1_77' title='bbox 662 2059 865 2119; x_wconf 90' lang='lat' dir='ltr'><strong>conscientia</strong></span> <span class='ocrx_word' id='word_1_78' title='bbox 880 2058 1073 2133; x_wconf 88' lang='lat' dir='ltr'><strong>contentari,</strong></span> 
     </span>
     <span class='ocr_line' id='line_1_14' title="bbox 313 2155 1073 2233; baseline -0.003 -17"><span class='ocrx_word' id='word_1_79' title='bbox 313 2174 374 2217; x_wconf 88' lang='lat' dir='ltr'><strong>nec</strong></span> <span class='ocrx_word' id='word_1_80' title='bbox 396 2174 508 2233; x_wconf 90' lang='lat' dir='ltr'><strong>pacem</strong></span> <span class='ocrx_word' id='word_1_81' title='bbox 539 2158 677 2217; x_wconf 86' lang='lat' dir='ltr'><strong>habere:</strong></span> <span class='ocrx_word' id='word_1_82' title='bbox 706 2157 770 2217; x_wconf 91' lang='lat' dir='ltr'><strong>nisi</strong></span> <span class='ocrx_word' id='word_1_83' title='bbox 800 2157 916 2217; x_wconf 90' lang='lat' dir='ltr'><strong>iterum</strong></span> <span class='ocrx_word' id='word_1_84' title='bbox 946 2156 985 2215; x_wconf 88' lang='lat' dir='ltr'><strong>ad</strong></span> <span class='ocrx_word' id='word_1_85' title='bbox 1008 2155 1073 2230; x_wconf 90' lang='lat' dir='ltr'><strong>pri-</strong></span> 
     </span>
     <span class='ocr_line' id='line_1_15' title="bbox 313 2254 1073 2332; baseline 0.003 -19"><span class='ocrx_word' id='word_1_86' title='bbox 313 2254 418 2314; x_wconf 92' lang='lat' dir='ltr'><strong>stinos</strong></span> <span class='ocrx_word' id='word_1_87' title='bbox 441 2254 558 2314; x_wconf 87' lang='lat' dir='ltr'><strong>fratres</strong></span> <span class='ocrx_word' id='word_1_88' title='bbox 574 2272 665 2315; x_wconf 85' lang='lat' dir='ltr'><strong>meos</strong></span> <span class='ocrx_word' id='word_1_89' title='bbox 687 2255 780 2315; x_wconf 84' lang='lat' dir='ltr'><strong>fuero</strong></span> <span class='ocrx_word' id='word_1_90' title='bbox 796 2272 959 2315; x_wconf 90' lang='lat' dir='ltr'><strong>reversus.</strong></span> <span class='ocrx_word' id='word_1_91' title='bbox 990 2255 1073 2332; x_wconf 92' lang='lat' dir='ltr'><strong>Qui-</strong></span> 
     </span>
     <span class='ocr_line' id='line_1_16' title="bbox 279 2351 1071 2429; baseline 0.005 -20"><span class='ocrx_word' id='word_1_92' title='bbox 279 2352 374 2411; x_wconf 82' lang='lat' dir='ltr'><strong>rsbus</strong></span> <span class='ocrx_word' id='word_1_93' title='bbox 403 2351 522 2411; x_wconf 88' lang='lat' dir='ltr'><strong>auditis</strong></span> <span class='ocrx_word' id='word_1_94' title='bbox 550 2353 629 2413; x_wconf 90' lang='lat' dir='ltr'><strong>satis</strong></span> <span class='ocrx_word' id='word_1_95' title='bbox 658 2352 839 2413; x_wconf 87' lang='lat' dir='ltr'><strong>contristati</strong></span> <span class='ocrx_word' id='word_1_96' title='bbox 871 2363 903 2413; x_wconf 88' lang='lat' dir='ltr'><strong>et</strong></span> <span class='ocrx_word' id='word_1_97' title='bbox 931 2354 1071 2429; x_wconf 88' lang='lat' dir='ltr'><strong>permoti</strong></span> 
     </span>
     <span class='ocr_line' id='line_1_17' title="bbox 312 2450 1072 2525; baseline 0.005 -17"><span class='ocrx_word' id='word_1_98' title='bbox 312 2459 390 2508; x_wconf 90' lang='lat' dir='ltr'><strong>sunt</strong></span> <span class='ocrx_word' id='word_1_99' title='bbox 419 2450 551 2525; x_wconf 85' lang='lat' dir='ltr'><strong>fratres3</strong></span> <span class='ocrx_word' id='word_1_100' title='bbox 580 2460 612 2511; x_wconf 87' lang='lat' dir='ltr'><strong>et</strong></span> <span class='ocrx_word' id='word_1_101' title='bbox 640 2451 741 2511; x_wconf 91' lang='lat' dir='ltr'><strong>acrite</strong></span> <span class='ocrx_word' id='word_1_102' title='bbox 783 2451 856 2510; x_wconf 91' lang='lat' dir='ltr'><strong>eius</strong></span> <span class='ocrx_word' id='word_1_103' title='bbox 884 2452 1072 2512; x_wconf 89' lang='lat' dir='ltr'><strong>inconstan-</strong></span> 
     </span>
     <span class='ocr_line' id='line_1_18' title="bbox 313 2469 1072 2625; baseline 0.004 -19"><span class='ocrx_word' id='word_1_104' title='bbox 313 2545 389 2606; x_wconf 90' lang='lat' dir='ltr'><strong>tiam</strong></span> <span class='ocrx_word' id='word_1_105' title='bbox 418 2548 611 2625; x_wconf 86' lang='lat' dir='ltr'><strong>arguebant:</strong></span> <span class='ocrx_word' id='word_1_106' title='bbox 640 2565 679 2607; x_wconf 96' lang='lat' dir='ltr'><strong>eo</strong></span> <span class='ocrx_word' id='word_1_107' title='bbox 708 2469 795 2624; x_wconf 53' lang='lat' dir='ltr'><strong>qiud</strong></span> <span class='ocrx_word' id='word_1_108' title='bbox 823 2548 856 2608; x_wconf 93' lang='lat' dir='ltr'><strong>in</strong></span> <span class='ocrx_word' id='word_1_109' title='bbox 885 2559 948 2608; x_wconf 88' lang='lat' dir='ltr'><strong>tam</strong></span> <span class='ocrx_word' id='word_1_110' title='bbox 978 2550 1072 2609; x_wconf 85' lang='lat' dir='ltr'><strong>brevi</strong></span> 
     </span>
     <span class='ocr_line' id='line_1_19' title="bbox 312 2645 1071 2722; baseline 0.001 -17"><span class='ocrx_word' id='word_1_111' title='bbox 312 2655 460 2721; x_wconf 87' lang='lat' dir='ltr'><strong>tempore</strong></span> <span class='ocrx_word' id='word_1_112' title='bbox 475 2655 655 2705; x_wconf 91' lang='lat' dir='ltr'><strong>remutatus</strong></span> <span class='ocrx_word' id='word_1_113' title='bbox 668 2656 767 2722; x_wconf 84' lang='lat' dir='ltr'><strong>esset,</strong></span> <span class='ocrx_word' id='word_1_114' title='bbox 782 2656 813 2706; x_wconf 92' lang='lat' dir='ltr'><strong>et</strong></span> <span class='ocrx_word' id='word_1_115' title='bbox 825 2645 983 2722; x_wconf 90' lang='lat' dir='ltr'><strong>puerilem</strong></span> <span class='ocrx_word' id='word_1_116' title='bbox 1000 2664 1071 2706; x_wconf 88' lang='lat' dir='ltr'><strong>rem</strong></span> 
     </span>
     <span class='ocr_line' id='line_1_20' title="bbox 313 2742 1073 2819; baseline 0.003 -18"><span class='ocrx_word' id='word_1_117' title='bbox 313 2743 597 2819; x_wconf 88' lang='lat' dir='ltr'><strong>praesumpsisset.</strong></span> <span class='ocrx_word' id='word_1_118' title='bbox 632 2742 683 2803; x_wconf 82' lang='lat' dir='ltr'><strong>Ad</strong></span> <span class='ocrx_word' id='word_1_119' title='bbox 706 2760 788 2819; x_wconf 92' lang='lat' dir='ltr'><strong>quos</strong></span> <span class='ocrx_word' id='word_1_120' title='bbox 811 2743 882 2819; x_wconf 91' lang='lat' dir='ltr'><strong>ipse</strong></span> <span class='ocrx_word' id='word_1_121' title='bbox 903 2742 1073 2804; x_wconf 93' lang='lat' dir='ltr'><strong>humiliter</strong></span> 
     </span>
     <span class='ocr_line' id='line_1_21' title="bbox 275 2841 1072 2917; baseline 0.009 -22"><span class='ocrx_word' id='word_1_122' title='bbox 275 2855 303 2895; x_wconf 86' lang='lat' dir='ltr'><strong>ao</strong></span> <span class='ocrx_word' id='word_1_123' title='bbox 313 2849 344 2900; x_wconf 89' lang='lat' dir='ltr'><strong>et</strong></span> <span class='ocrx_word' id='word_1_124' title='bbox 355 2842 541 2903; x_wconf 88' lang='lat' dir='ltr'><strong>verecunde</strong></span> <span class='ocrx_word' id='word_1_125' title='bbox 553 2843 773 2917; x_wconf 90' lang='lat' dir='ltr'><strong>respondens:</strong></span> <span class='ocrx_word' id='word_1_126' title='bbox 784 2842 828 2902; x_wconf 90' lang='lat' dir='ltr'><strong>ita</strong></span> <span class='ocrx_word' id='word_1_127' title='bbox 838 2858 874 2901; x_wconf 90' lang='lat' dir='ltr'><strong>se</strong></span> <span class='ocrx_word' id='word_1_128' title='bbox 885 2841 1072 2902; x_wconf 88' lang='lat' dir='ltr'><strong>excusabat.</strong></span> 
     </span>
     <span class='ocr_line' id='line_1_22' title="bbox 313 2937 1072 3016; baseline -0.003 -17"><span class='ocrx_word' id='word_1_129' title='bbox 313 2937 465 2999; x_wconf 90' lang='lat' dir='ltr'><strong>Credatis</strong></span> <span class='ocrx_word' id='word_1_130' title='bbox 494 2939 573 2999; x_wconf 93' lang='lat' dir='ltr'><strong>mihi</strong></span> <span class='ocrx_word' id='word_1_131' title='bbox 607 2940 723 3000; x_wconf 85' lang='lat' dir='ltr'><strong>fratres</strong></span> <span class='ocrx_word' id='word_1_132' title='bbox 755 2941 831 3016; x_wconf 88' lang='lat' dir='ltr'><strong>quia</strong></span> <span class='ocrx_word' id='word_1_133' title='bbox 861 2957 920 3015; x_wconf 89' lang='lat' dir='ltr'><strong>per</strong></span> <span class='ocrx_word' id='word_1_134' title='bbox 950 2939 1072 2998; x_wconf 89' lang='lat' dir='ltr'><strong>multos</strong></span> 
     </span>
     <span class='ocr_line' id='line_1_23' title="bbox 312 3035 1072 3113; baseline 0.005 -19"><span class='ocrx_word' id='word_1_135' title='bbox 312 3035 374 3094; x_wconf 90' lang='lat' dir='ltr'><strong>iam</strong></span> <span class='ocrx_word' id='word_1_136' title='bbox 397 3053 501 3096; x_wconf 88' lang='lat' dir='ltr'><strong>annos</strong></span> <span class='ocrx_word' id='word_1_137' title='bbox 523 3037 606 3097; x_wconf 88' lang='lat' dir='ltr'><strong>hanc</strong></span> <span class='ocrx_word' id='word_1_138' title='bbox 629 3038 873 3113; x_wconf 89' lang='lat' dir='ltr'><strong>temptationem</strong></span> <span class='ocrx_word' id='word_1_139' title='bbox 897 3038 1011 3112; x_wconf 89' lang='lat' dir='ltr'><strong>habui,</strong></span> <span class='ocrx_word' id='word_1_140' title='bbox 1037 3048 1072 3098; x_wconf 89' lang='lat' dir='ltr'><strong>ut</strong></span> 
     </span>
     <span class='ocr_line' id='line_1_24' title="bbox 312 3133 1071 3211; baseline 0.005 -20"><span class='ocrx_word' id='word_1_141' title='bbox 312 3134 351 3192; x_wconf 90' lang='lat' dir='ltr'><strong>ad</strong></span> <span class='ocrx_word' id='word_1_142' title='bbox 366 3133 465 3193; x_wconf 90' lang='lat' dir='ltr'><strong>alium</strong></span> <span class='ocrx_word' id='word_1_143' title='bbox 481 3134 629 3195; x_wconf 92' lang='lat' dir='ltr'><strong>ordinem</strong></span> <span class='ocrx_word' id='word_1_144' title='bbox 653 3135 844 3211; x_wconf 84' lang='lat' dir='ltr'><strong>transirem3</strong></span> <span class='ocrx_word' id='word_1_145' title='bbox 865 3145 897 3196; x_wconf 94' lang='lat' dir='ltr'><strong>et</strong></span> <span class='ocrx_word' id='word_1_146' title='bbox 919 3146 983 3195; x_wconf 88' lang='lat' dir='ltr'><strong>tam</strong></span> <span class='ocrx_word' id='word_1_147' title='bbox 1007 3135 1071 3195; x_wconf 88' lang='lat' dir='ltr'><strong>for·</strong></span> 
     </span>
     <span class='ocr_line' id='line_1_25' title="bbox 311 3229 1070 3309; baseline 0.005 -20"><span class='ocrx_word' id='word_1_148' title='bbox 311 3229 387 3290; x_wconf 92' lang='lat' dir='ltr'><strong>titer</strong></span> <span class='ocrx_word' id='word_1_149' title='bbox 401 3231 463 3291; x_wconf 90' lang='lat' dir='ltr'><strong>hoc</strong></span> <span class='ocrx_word' id='word_1_150' title='bbox 479 3232 512 3291; x_wconf 92' lang='lat' dir='ltr'><strong>in</strong></span> <span class='ocrx_word' id='word_1_151' title='bbox 528 3232 637 3292; x_wconf 85' lang='lat' dir='ltr'><strong>animo</strong></span> <span class='ocrx_word' id='word_1_152' title='bbox 652 3233 805 3309; x_wconf 89' lang='lat' dir='ltr'><strong>concepi:</strong></span> <span class='ocrx_word' id='word_1_153' title='bbox 821 3233 907 3309; x_wconf 91' lang='lat' dir='ltr'><strong>quod</strong></span> <span class='ocrx_word' id='word_1_154' title='bbox 918 3234 1070 3309; x_wconf 87' lang='lat' dir='ltr'><strong>putabam</strong></span> 
     </span>
     <span class='ocr_line' id='line_1_26' title="bbox 275 3330 1070 3406; baseline 0.006 -21"><span class='ocrx_word' id='word_1_155' title='bbox 275 3343 489 3405; x_wconf 73' lang='lat' dir='ltr'><strong>aeuumquam</strong></span> <span class='ocrx_word' id='word_1_156' title='bbox 522 3346 574 3389; x_wconf 93' lang='lat' dir='ltr'><strong>me</strong></span> <span class='ocrx_word' id='word_1_157' title='bbox 605 3347 703 3406; x_wconf 90' lang='lat' dir='ltr'><strong>posse</strong></span> <span class='ocrx_word' id='word_1_158' title='bbox 732 3330 859 3390; x_wconf 91' lang='lat' dir='ltr'><strong>mutari.</strong></span> <span class='ocrx_word' id='word_1_159' title='bbox 910 3330 974 3390; x_wconf 93' lang='lat' dir='ltr'><strong>Sed</strong></span> <span class='ocrx_word' id='word_1_160' title='bbox 1005 3330 1070 3390; x_wconf 87' lang='lat' dir='ltr'><strong>iam</strong></span> 
     </span>
     <span class='ocr_line' id='line_1_27' title="bbox 312 3425 1071 3504; baseline 0.004 -19"><span class='ocrx_word' id='word_1_161' title='bbox 312 3425 374 3485; x_wconf 89' lang='lat' dir='ltr'><strong>hoc</strong></span> <span class='ocrx_word' id='word_1_162' title='bbox 396 3426 502 3502; x_wconf 92' lang='lat' dir='ltr'><strong>ipsum</strong></span> <span class='ocrx_word' id='word_1_163' title='bbox 526 3427 728 3503; x_wconf 89' lang='lat' dir='ltr'><strong>experientia</strong></span> <span class='ocrx_word' id='word_1_164' title='bbox 742 3428 872 3504; x_wconf 90' lang='lat' dir='ltr'><strong>propria</strong></span> <span class='ocrx_word' id='word_1_165' title='bbox 886 3427 980 3487; x_wconf 85' lang='lat' dir='ltr'><strong>aliter</strong></span> <span class='ocrx_word' id='word_1_166' title='bbox 994 3445 1071 3488; x_wconf 85' lang='lat' dir='ltr'><strong>esse</strong></span> 
     </span>
     <span class='ocr_line' id='line_1_28' title="bbox 312 3524 1071 3602; baseline 0.004 -20"><span class='ocrx_word' id='word_1_167' title='bbox 312 3524 461 3598; x_wconf 90' lang='lat' dir='ltr'><strong>probavi:</strong></span> <span class='ocrx_word' id='word_1_168' title='bbox 484 3525 571 3601; x_wconf 93' lang='lat' dir='ltr'><strong>quod</strong></span> <span class='ocrx_word' id='word_1_169' title='bbox 593 3524 685 3600; x_wconf 88' lang='lat' dir='ltr'><strong>prius</strong></span> <span class='ocrx_word' id='word_1_170' title='bbox 707 3526 910 3602; x_wconf 85' lang='lat' dir='ltr'><strong>perpendere</strong></span> <span class='ocrx_word' id='word_1_171' title='bbox 925 3525 1071 3601; x_wconf 89' lang='lat' dir='ltr'><strong>nequivi.</strong></span> 
     </span>
     <span class='ocr_line' id='line_1_29' title="bbox 312 3620 1070 3699; baseline 0.004 -20"><span class='ocrx_word' id='word_1_172' title='bbox 312 3620 374 3679; x_wconf 90' lang='lat' dir='ltr'><strong>His</strong></span> <span class='ocrx_word' id='word_1_173' title='bbox 403 3621 501 3699; x_wconf 91' lang='lat' dir='ltr'><strong>igitur</strong></span> <span class='ocrx_word' id='word_1_174' title='bbox 528 3622 567 3681; x_wconf 94' lang='lat' dir='ltr'><strong>ab</strong></span> <span class='ocrx_word' id='word_1_175' title='bbox 597 3638 636 3681; x_wconf 93' lang='lat' dir='ltr'><strong>eo</strong></span> <span class='ocrx_word' id='word_1_176' title='bbox 666 3621 778 3682; x_wconf 89' lang='lat' dir='ltr'><strong>dictis:</strong></span> <span class='ocrx_word' id='word_1_177' title='bbox 809 3639 851 3682; x_wconf 92' lang='lat' dir='ltr'><strong>ne</strong></span> <span class='ocrx_word' id='word_1_178' title='bbox 880 3623 1070 3683; x_wconf 88' lang='lat' dir='ltr'><strong>scandalum</strong></span> 
     </span>
     <span class='ocr_line' id='line_1_30' title="bbox 311 3718 1072 3797; baseline 0.005 -20"><span class='ocrx_word' id='word_1_179' title='bbox 311 3718 416 3778; x_wconf 90' lang='lat' dir='ltr'><strong>adhuc</strong></span> <span class='ocrx_word' id='word_1_180' title='bbox 452 3720 557 3779; x_wconf 88' lang='lat' dir='ltr'><strong>latens</strong></span> <span class='ocrx_word' id='word_1_181' title='bbox 592 3730 780 3797; x_wconf 84' lang='lat' dir='ltr'><strong>erumperet</strong></span> <span class='ocrx_word' id='word_1_182' title='bbox 815 3730 847 3780; x_wconf 92' lang='lat' dir='ltr'><strong>et</strong></span> <span class='ocrx_word' id='word_1_183' title='bbox 886 3732 1072 3797; x_wconf 84' lang='lat' dir='ltr'><strong>cresceret3</strong></span> 
     </span>
     <span class='ocr_line' id='line_1_31' title="bbox 275 3815 1069 3895; baseline 0.006 -22"><span class='ocrx_word' id='word_1_184' title='bbox 275 3834 302 3873; x_wconf 80' lang='lat' dir='ltr'><strong>ao</strong></span> <span class='ocrx_word' id='word_1_185' title='bbox 311 3815 391 3875; x_wconf 93' lang='lat' dir='ltr'><strong>inito</strong></span> <span class='ocrx_word' id='word_1_186' title='bbox 402 3817 540 3876; x_wconf 92' lang='lat' dir='ltr'><strong>consilio</strong></span> <span class='ocrx_word' id='word_1_187' title='bbox 556 3818 688 3894; x_wconf 86' lang='lat' dir='ltr'><strong>saniori,</strong></span> <span class='ocrx_word' id='word_1_188' title='bbox 703 3818 863 3878; x_wconf 85' lang='lat' dir='ltr'><strong>miserunt</strong></span> <span class='ocrx_word' id='word_1_189' title='bbox 876 3819 915 3877; x_wconf 93' lang='lat' dir='ltr'><strong>ad</strong></span> <span class='ocrx_word' id='word_1_190' title='bbox 926 3820 1069 3895; x_wconf 92' lang='lat' dir='ltr'><strong>priorem</strong></span> 
     </span>
    </p>
   </div>
   <div class='ocr_carea' id='block_1_3' title="bbox 311 3915 1071 4062">
    <p class='ocr_par' dir='ltr' id='par_1_3' title="bbox 311 3915 1071 4062">
     <span class='ocr_line' id='line_1_32' title="bbox 311 3915 1071 3993; baseline 0.007 -21"><span class='ocrx_word' id='word_1_191' title='bbox 311 3915 473 3988; x_wconf 90' lang='lat' dir='ltr'><strong>quendam</strong></span> <span class='ocrx_word' id='word_1_192' title='bbox 505 3915 629 3975; x_wconf 91' lang='lat' dir='ltr'><strong>ordinis</strong></span> <span class='ocrx_word' id='word_1_193' title='bbox 665 3916 861 3993; x_wconf 87' lang='lat' dir='ltr'><strong>regularium</strong></span> <span class='ocrx_word' id='word_1_194' title='bbox 895 3917 928 3976; x_wconf 94' lang='lat' dir='ltr'><strong>in</strong></span> <span class='ocrx_word' id='word_1_195' title='bbox 961 3917 1071 3977; x_wconf 90' lang='lat' dir='ltr'><strong>vicino</strong></span> 
     </span>
     <span class='ocr_line' id='line_1_33' title="bbox 673 4020 712 4062; baseline -0.026 0"><span class='ocrx_word' id='word_1_196' title='bbox 673 4020 712 4062; x_wconf 78' lang='lat' dir='ltr'><strong>uz</strong></span> 
     </span>
    </p>
   </div>
   <div class='ocr_carea' id='block_1_4' title="bbox 0 0 1350 4659">
    <p class='ocr_par' dir='ltr' id='par_1_4' title="bbox 0 0 1350 4659">
     <span class='ocr_line' id='line_1_34' title="bbox 0 0 1350 4659; baseline 0 0"><span class='ocrx_word' id='word_1_197' title='bbox 0 0 1350 4659; x_wconf 95' lang='lat' dir='ltr'><strong> </strong></span> 
     </span>
    </p>
   </div>
  </div>
 </body>
</html>
