2692 4659
310 686 471 739 &nm
489 686 556 729 vrm
573 684 736 728 rroevmrs
751 684 889 728 vraouus
908 685 1072 738 tesotw

313 889 961 954 DEOBITVIOHANNISPETRIAVI
973 891 1071 952 EIVS

353 988 404 1050 ET
428 989 582 1053 LONGA
606 986 912 1052 CONTINENTIA
937 987 1033 1050 SVA.

536 1157 742 1207 CAPITVLVM
761 1156 842 1206 Xllll.

311 1256 475 1473 Q&
505 1320 555 1372 est
583 1312 745 1371 silendum
778 1310 819 1371 de
848 1309 1010 1386 probitate
1040 1322 1072 1371 et

289 1428 302 1467 5
442 1410 642 1470 continentia
654 1408 809 1468 Iohannis
822 1407 920 1483 Petri,
937 1408 992 1485 qui
1012 1408 1071 1469 luit

312 1525 392 1568 avus
411 1508 509 1567 huius
524 1508 660 1584 virginis
676 1518 708 1568 et
722 1507 850 1585 genitor
865 1508 966 1582 patris
981 1507 1071 1567 eius:

312 1607 350 1666 ad
373 1606 501 1665 laudem
523 1605 583 1665 Dei
607 1613 638 1665 et
660 1604 848 1680 dignitatem
870 1604 976 1665 bonae
999 1622 1071 1681 pro·

312 1703 438 1780 paginis
460 1703 672 1763 exaltandam.
706 1704 770 1763 Iste
792 1702 890 1779 igitur
906 1703 1072 1763 lohannes

314 1802 400 1862 Petri
413 1800 582 1860 laudabilis
595 1800 699 1860 lamae
710 1809 742 1861 et
752 1800 848 1875 vitae,
861 1810 934 1876 post
945 1801 1070 1861 obitum

279 1917 303 1957 ro
313 1899 425 1960 uxoris
442 1915 521 1958 suae
537 1899 709 1974 plusquam
725 1898 960 1975 quinquaginta
976 1900 1072 1959 annis

313 1998 346 2056 in
362 1996 518 2057 viduitate
530 1994 723 2072 permansit:
734 1996 838 2055 donec
850 1996 919 2056 lere
929 2014 1073 2074 nonage-

313 2094 424 2153 narius
453 2103 652 2154 senesceret.
695 2091 827 2155 Tantam
858 2104 966 2155 autem
994 2113 1071 2157 con-

312 2191 482 2252 tinentiam
493 2201 525 2251 et
535 2191 763 2252 abstinentiam
775 2193 934 2253 exercuit:
948 2203 983 2255 ut
994 2212 1071 2254 con·

313 2290 387 2365 iuge
416 2289 569 2349 defuncta
590 2298 754 2365 tamquam
777 2289 942 2351 solitarius
964 2303 1072 2353 turtur

279 2396 345 2446 net
372 2385 528 2446 castitatis
550 2396 675 2446 amator
696 2386 867 2446 mulierem
890 2405 1071 2466 numquam

313 2495 535 2560 cognosceret.
580 2484 718 2560 lnsuper
739 2501 797 2560 pro
820 2488 1072 2549 conservatione

313 2581 447 2641 caelibis
463 2581 548 2641 vitae
564 2581 614 2640 bis
625 2598 684 2657 per
695 2582 930 2643 hebdomadam
942 2585 976 2645 in
987 2604 1072 2661 pane

313 2690 345 2738 et
376 2697 458 2755 aqua
487 2680 659 2739 ieiunavit:
691 2690 723 2740 et
751 2682 853 2741 semel
883 2692 1007 2743 tantum
1040 2686 1072 2745 in

313 2778 514 2838 hebdomada
530 2779 703 2838 Dominica
718 2780 844 2840 scilicet
857 2781 910 2840 die
926 2781 959 2840 in
976 2799 1072 2858 pran-

276 2876 367 2935 aodio
389 2876 542 2935 carnibus
564 2878 769 2936 vescebatur.
805 2878 840 2936 ln
856 2877 951 2938 cuius
967 2891 1072 2939 morte

314 2990 454 3032 cernens
476 2982 605 3033 satanas
621 2973 792 3033 insidiator
807 2976 969 3052 malignus
984 2978 1072 3053 quod

314 3071 343 3129 ei
355 3070 615 3147 appropinquare
626 3087 692 3129 non
704 3081 829 3147 posset3
840 3082 905 3132 tam
917 3090 1071 3149 magnum

313 3168 487 3227 tumultum
511 3168 543 3226 in
566 3167 639 3227 aliis
662 3167 807 3243 partibus
829 3168 946 3228 domus
968 3170 1073 3229 susci·

314 3264 402 3339 tavit,
420 3274 454 3325 ut
469 3283 547 3324 vasa
561 3275 665 3325 testea
682 3265 924 3341 frangerentur:
947 3267 1072 3344 absque

276 3381 304 3422 25
314 3371 421 3422 tamen
438 3363 632 3423 detrimento
647 3374 679 3422 et
690 3363 852 3423 effusione
864 3364 972 3441 butyri
984 3366 1072 3441 quod

314 3458 346 3518 in
376 3476 441 3518 uno
464 3477 541 3520 vase
564 3471 669 3521 testeo
692 3463 957 3523 conservabatur.
1001 3465 1072 3524 Nec

314 3556 431 3615 mirum
456 3557 482 3615 si
500 3557 691 3619 fidelissimo
709 3559 829 3619 famulo
846 3559 984 3634 Christi,
1006 3559 1073 3620 dia·

313 3655 408 3713 bolus
433 3655 579 3716 insidiari
602 3675 638 3717 ac
660 3675 781 3717 nocere
803 3675 904 3717 ausus
926 3658 986 3733 sit,
1015 3660 1072 3735 qui

314 3752 450 3812 Christo
466 3754 622 3814 ieiunanti
639 3755 808 3815 molestias
821 3755 1071 3831 temptationum

670 3860 711 3900 aso
