<?xml version="1.0" encoding="UTF-8"?>
<!DOCTYPE html PUBLIC "-//W3C//DTD XHTML 1.0 Transitional//EN"
    "http://www.w3.org/TR/xhtml1/DTD/xhtml1-transitional.dtd">
<html xmlns="http://www.w3.org/1999/xhtml" xml:lang="en" lang="en">
 <head>
  <title>
</title>
<meta http-equiv="Content-Type" content="text/html;charset=utf-8" />
  <meta name='ocr-system' content='tesseract 3.04.00' />
  <meta name='ocr-capabilities' content='ocr_page ocr_carea ocr_par ocr_line ocrx_word'/>
</head>
<body>
  <div class='ocr_page' id='page_1' title='image "./thomaehemerkena00pohlgoog_0208.png"; bbox 0 0 2692 4659; ppageno 0'>
   <div class='ocr_carea' id='block_1_1' title="bbox 368 665 1165 750">
    <p class='ocr_par' dir='ltr' id='par_1_1' title="bbox 368 665 1165 750">
     <span class='ocr_line' id='line_1_1' title="bbox 368 665 1165 750; baseline 0.001 -12"><span class='ocrx_word' id='word_1_1' title='bbox 368 695 529 749; x_wconf 54' lang='lat' dir='ltr'><strong>mm</strong></span> <span class='ocrx_word' id='word_1_2' title='bbox 556 693 718 739; x_wconf 81' lang='lat' dir='ltr'>SERMONES</span> <span class='ocrx_word' id='word_1_3' title='bbox 733 696 774 739; x_wconf 82' lang='lat' dir='ltr'><strong>AD</strong></span> <span class='ocrx_word' id='word_1_4' title='bbox 790 695 939 739; x_wconf 79' lang='lat' dir='ltr'><strong>novicios</strong></span> <span class='ocrx_word' id='word_1_5' title='bbox 963 697 1124 750; x_wconf 47' lang='lat' dir='ltr'><strong>mm</strong></span> <span class='ocrx_word' id='word_1_6' title='bbox 1146 665 1165 716; x_wconf 50' lang='lat'><em>3</em></span> 
     </span>
    </p>
   </div>
   <div class='ocr_carea' id='block_1_2' title="bbox 369 821 1165 989">
    <p class='ocr_par' dir='ltr' id='par_1_2' title="bbox 369 821 1165 989">
     <span class='ocr_line' id='line_1_2' title="bbox 369 821 1165 907; baseline 0.001 -18"><span class='ocrx_word' id='word_1_7' title='bbox 369 838 501 890; x_wconf 89' lang='lat' dir='ltr'><strong>aeterna</strong></span> <span class='ocrx_word' id='word_1_8' title='bbox 522 830 593 890; x_wconf 89' lang='lat' dir='ltr'><strong>laus</strong></span> <span class='ocrx_word' id='word_1_9' title='bbox 615 841 648 891; x_wconf 93' lang='lat' dir='ltr'><strong>et</strong></span> <span class='ocrx_word' id='word_1_10' title='bbox 667 830 784 907; x_wconf 86' lang='lat' dir='ltr'><strong>gloria,</strong></span> <span class='ocrx_word' id='word_1_11' title='bbox 806 831 839 891; x_wconf 92' lang='lat' dir='ltr'><strong>in</strong></span> <span class='ocrx_word' id='word_1_12' title='bbox 861 831 992 891; x_wconf 88' lang='lat' dir='ltr'><strong>saecula</strong></span> <span class='ocrx_word' id='word_1_13' title='bbox 1014 848 1124 890; x_wconf 90' lang='lat' dir='ltr'><strong>saecu·</strong></span> <span class='ocrx_word' id='word_1_14' title='bbox 1164 821 1165 826; x_wconf 60' lang='grc'>’</span> 
     </span>
     <span class='ocr_line' id='line_1_3' title="bbox 369 927 643 989; baseline 0 -1"><span class='ocrx_word' id='word_1_15' title='bbox 369 929 485 988; x_wconf 86' lang='lat' dir='ltr'><strong>iorum.</strong></span> <span class='ocrx_word' id='word_1_16' title='bbox 526 927 643 989; x_wconf 79' lang='lat' dir='ltr'><strong>Arnen.</strong></span> 
     </span>
    </p>
   </div>
   <div class='ocr_carea' id='block_1_3' title="bbox 469 1166 1027 1218">
    <p class='ocr_par' dir='ltr' id='par_1_3' title="bbox 469 1166 1027 1218">
     <span class='ocr_line' id='line_1_4' title="bbox 469 1166 1027 1218; baseline 0.002 -3"><span class='ocrx_word' id='word_1_17' title='bbox 469 1167 660 1217; x_wconf 85' lang='lat' dir='ltr'>EXEMPLVM</span> <span class='ocrx_word' id='word_1_18' title='bbox 681 1167 726 1217; x_wconf 88' lang='lat' dir='ltr'><strong>DE</strong></span> <span class='ocrx_word' id='word_1_19' title='bbox 743 1166 889 1217; x_wconf 75' lang='lat' dir='ltr'>SANCTA.</span> <span class='ocrx_word' id='word_1_20' title='bbox 900 1167 1027 1218; x_wconf 88' lang='lat' dir='ltr'>CRVCE.</span> 
     </span>
    </p>
   </div>
   <div class='ocr_carea' id='block_1_4' title="bbox 334 1263 1159 3728">
    <p class='ocr_par' dir='ltr' id='par_1_4' title="bbox 334 1263 1159 3728">
     <span class='ocr_line' id='line_1_5' title="bbox 371 1263 1125 1477; baseline -0.001 -96"><span class='ocrx_word' id='word_1_21' title='bbox 371 1263 535 1477; x_wconf 51' lang='lat' dir='ltr'><strong>ffivit</strong></span> <span class='ocrx_word' id='word_1_22' title='bbox 556 1322 640 1397; x_wconf 91' lang='lat' dir='ltr'><strong>apud</strong></span> <span class='ocrx_word' id='word_1_23' title='bbox 663 1339 725 1382; x_wconf 90' lang='lat' dir='ltr'><strong>nos</strong></span> <span class='ocrx_word' id='word_1_24' title='bbox 747 1322 850 1382; x_wconf 89' lang='lat' dir='ltr'><strong>laicus</strong></span> <span class='ocrx_word' id='word_1_25' title='bbox 875 1321 1004 1398; x_wconf 89' lang='lat' dir='ltr'><strong>quidam</strong></span> <span class='ocrx_word' id='word_1_26' title='bbox 1030 1321 1125 1381; x_wconf 88' lang='lat' dir='ltr'><strong>Nico·</strong></span> 
     </span>
     <span class='ocr_line' id='line_1_6' title="bbox 347 1420 1126 1496; baseline 0.005 -21"><span class='ocrx_word' id='word_1_27' title='bbox 347 1436 361 1475; x_wconf 84' lang='lat' dir='ltr'><strong>s</strong></span> <span class='ocrx_word' id='word_1_28' title='bbox 500 1420 571 1480; x_wconf 91' lang='lat' dir='ltr'><strong>laus</strong></span> <span class='ocrx_word' id='word_1_29' title='bbox 588 1420 675 1480; x_wconf 89' lang='lat' dir='ltr'><strong>Petri</strong></span> <span class='ocrx_word' id='word_1_30' title='bbox 695 1420 898 1480; x_wconf 89' lang='lat' dir='ltr'><strong>nominatus:</strong></span> <span class='ocrx_word' id='word_1_31' title='bbox 920 1437 960 1479; x_wconf 88' lang='lat' dir='ltr'><strong>ex</strong></span> <span class='ocrx_word' id='word_1_32' title='bbox 982 1420 1126 1496; x_wconf 91' lang='lat' dir='ltr'><strong>partibus</strong></span> 
     </span>
     <span class='ocr_line' id='line_1_7' title="bbox 372 1517 1126 1593; baseline 0 -17"><span class='ocrx_word' id='word_1_33' title='bbox 372 1518 565 1578; x_wconf 90' lang='lat' dir='ltr'><strong>Hollandiae</strong></span> <span class='ocrx_word' id='word_1_34' title='bbox 596 1529 701 1579; x_wconf 89' lang='lat' dir='ltr'><strong>natus.</strong></span> <span class='ocrx_word' id='word_1_35' title='bbox 751 1519 814 1578; x_wconf 91' lang='lat' dir='ltr'><strong>Hic</strong></span> <span class='ocrx_word' id='word_1_36' title='bbox 844 1519 915 1578; x_wconf 90' lang='lat' dir='ltr'><strong>Deo</strong></span> <span class='ocrx_word' id='word_1_37' title='bbox 948 1517 1126 1593; x_wconf 83' lang='lat' dir='ltr'>inspirante</span> 
     </span>
     <span class='ocr_line' id='line_1_8' title="bbox 370 1615 1126 1693; baseline 0 -19"><span class='ocrx_word' id='word_1_38' title='bbox 370 1632 444 1675; x_wconf 91' lang='lat' dir='ltr'><strong>curn</strong></span> <span class='ocrx_word' id='word_1_39' title='bbox 467 1626 557 1676; x_wconf 91' lang='lat' dir='ltr'><strong>esset</strong></span> <span class='ocrx_word' id='word_1_40' title='bbox 578 1616 801 1693; x_wconf 87' lang='lat' dir='ltr'><strong>carpentarius</strong></span> <span class='ocrx_word' id='word_1_41' title='bbox 823 1618 929 1677; x_wconf 92' lang='lat' dir='ltr'><strong>bonus</strong></span> <span class='ocrx_word' id='word_1_42' title='bbox 954 1616 1066 1677; x_wconf 84' lang='lat' dir='ltr'><strong>statuit</strong></span> <span class='ocrx_word' id='word_1_43' title='bbox 1095 1615 1126 1674; x_wconf 92' lang='lat' dir='ltr'><strong>in</strong></span> 
     </span>
     <span class='ocr_line' id='line_1_9' title="bbox 370 1714 1127 1790; baseline -0.001 -18"><span class='ocrx_word' id='word_1_44' title='bbox 370 1714 478 1773; x_wconf 89' lang='lat' dir='ltr'><strong>animo</strong></span> <span class='ocrx_word' id='word_1_45' title='bbox 501 1714 668 1774; x_wconf 89' lang='lat' dir='ltr'><strong>saeculum</strong></span> <span class='ocrx_word' id='word_1_46' title='bbox 687 1714 890 1790; x_wconf 82' lang='lat' dir='ltr'><strong>relinquere:</strong></span> <span class='ocrx_word' id='word_1_47' title='bbox 913 1724 944 1773; x_wconf 92' lang='lat' dir='ltr'><strong>et</strong></span> <span class='ocrx_word' id='word_1_48' title='bbox 966 1722 1127 1773; x_wconf 89' lang='lat' dir='ltr'><strong>monaste·</strong></span> 
     </span>
     <span class='ocr_line' id='line_1_10' title="bbox 372 1811 1127 1889; baseline 0.003 -20"><span class='ocrx_word' id='word_1_49' title='bbox 372 1811 455 1870; x_wconf 90' lang='lat' dir='ltr'><strong>rium</strong></span> <span class='ocrx_word' id='word_1_50' title='bbox 483 1821 630 1872; x_wconf 89' lang='lat' dir='ltr'><strong>nostrum</strong></span> <span class='ocrx_word' id='word_1_51' title='bbox 653 1814 785 1873; x_wconf 84' lang='lat' dir='ltr'><strong>intrare.</strong></span> <span class='ocrx_word' id='word_1_52' title='bbox 828 1812 914 1874; x_wconf 86' lang='lat' dir='ltr'><strong>Cum</strong></span> <span class='ocrx_word' id='word_1_53' title='bbox 937 1829 1014 1889; x_wconf 90' lang='lat' dir='ltr'><strong>ergo</strong></span> <span class='ocrx_word' id='word_1_54' title='bbox 1037 1813 1127 1872; x_wconf 89' lang='lat' dir='ltr'><strong>solus</strong></span> 
     </span>
     <span class='ocr_line' id='line_1_11' title="bbox 337 1908 1129 1986; baseline 0.006 -22"><span class='ocrx_word' id='word_1_55' title='bbox 337 1924 362 1964; x_wconf 83' lang='grc' dir='ltr'><strong>ιο</strong></span> <span class='ocrx_word' id='word_1_56' title='bbox 372 1917 460 1968; x_wconf 89' lang='lat' dir='ltr'><strong>esset</strong></span> <span class='ocrx_word' id='word_1_57' title='bbox 476 1908 572 1969; x_wconf 88' lang='lat' dir='ltr'><strong>invia</strong></span> <span class='ocrx_word' id='word_1_58' title='bbox 585 1920 617 1971; x_wconf 90' lang='lat' dir='ltr'><strong>et</strong></span> <span class='ocrx_word' id='word_1_59' title='bbox 632 1910 831 1971; x_wconf 88' lang='lat' dir='ltr'><strong>monasterio</strong></span> <span class='ocrx_word' id='word_1_60' title='bbox 842 1910 1129 1986; x_wconf 84' lang='lat' dir='ltr'><strong>appropinquaret3</strong></span> 
     </span>
     <span class='ocr_line' id='line_1_12' title="bbox 372 2006 1159 2084; baseline -0.005 -18"><span class='ocrx_word' id='word_1_61' title='bbox 372 2007 499 2067; x_wconf 84' lang='lat' dir='ltr'><strong>diabolo</strong></span> <span class='ocrx_word' id='word_1_62' title='bbox 533 2006 708 2068; x_wconf 90' lang='lat' dir='ltr'><strong>insidiante</strong></span> <span class='ocrx_word' id='word_1_63' title='bbox 744 2018 776 2067; x_wconf 92' lang='lat' dir='ltr'><strong>et</strong></span> <span class='ocrx_word' id='word_1_64' title='bbox 810 2017 987 2084; x_wconf 88' lang='lat' dir='ltr'><strong>temptante</strong></span> <span class='ocrx_word' id='word_1_65' title='bbox 1024 2008 1129 2083; x_wconf 92' lang='lat' dir='ltr'><strong>coepit</strong></span> <span class='ocrx_word' id='word_1_66' title='bbox 1156 2039 1159 2062; x_wconf 59' lang='grc' dir='ltr'>ι</span> 
     </span>
     <span class='ocr_line' id='line_1_13' title="bbox 372 2104 1128 2166; baseline 0 -2"><span class='ocrx_word' id='word_1_67' title='bbox 372 2104 493 2165; x_wconf 85' lang='lat' dir='ltr'><strong>anxiari</strong></span> <span class='ocrx_word' id='word_1_68' title='bbox 524 2116 556 2166; x_wconf 91' lang='lat' dir='ltr'><strong>et</strong></span> <span class='ocrx_word' id='word_1_69' title='bbox 584 2106 721 2166; x_wconf 89' lang='lat' dir='ltr'><strong>multum</strong></span> <span class='ocrx_word' id='word_1_70' title='bbox 753 2106 943 2166; x_wconf 72' lang='lat' dir='ltr'><strong>Formidare:</strong></span> <span class='ocrx_word' id='word_1_71' title='bbox 975 2105 1128 2165; x_wconf 86' lang='lat' dir='ltr'><strong>nesciens</strong></span> 
     </span>
     <span class='ocr_line' id='line_1_14' title="bbox 373 2201 1128 2279; baseline 0.003 -19"><span class='ocrx_word' id='word_1_72' title='bbox 373 2201 450 2277; x_wconf 92' lang='lat' dir='ltr'><strong>quid</strong></span> <span class='ocrx_word' id='word_1_73' title='bbox 472 2202 533 2262; x_wconf 90' lang='lat' dir='ltr'>sibi</span> <span class='ocrx_word' id='word_1_74' title='bbox 550 2203 682 2263; x_wconf 89' lang='lat' dir='ltr'><strong>obesset</strong></span> <span class='ocrx_word' id='word_1_75' title='bbox 703 2204 736 2264; x_wconf 94' lang='lat' dir='ltr'><strong>in</strong></span> <span class='ocrx_word' id='word_1_76' title='bbox 751 2204 835 2264; x_wconf 90' lang='lat' dir='ltr'><strong>bona</strong></span> <span class='ocrx_word' id='word_1_77' title='bbox 850 2203 912 2279; x_wconf 88' lang='lat' dir='ltr'><strong>via,</strong></span> <span class='ocrx_word' id='word_1_78' title='bbox 934 2204 1004 2264; x_wconf 90' lang='lat' dir='ltr'><strong>sole</strong></span> <span class='ocrx_word' id='word_1_79' title='bbox 1024 2204 1128 2264; x_wconf 90' lang='lat' dir='ltr'><strong>adhuc</strong></span> 
     </span>
     <span class='ocr_line' id='line_1_15' title="bbox 373 2300 1128 2379; baseline 0 -20"><span class='ocrx_word' id='word_1_80' title='bbox 373 2300 459 2360; x_wconf 88' lang='lat' dir='ltr'><strong>clare</strong></span> <span class='ocrx_word' id='word_1_81' title='bbox 488 2301 628 2362; x_wconf 90' lang='lat' dir='ltr'><strong>lucente.</strong></span> <span class='ocrx_word' id='word_1_82' title='bbox 671 2301 768 2362; x_wconf 85' lang='lat' dir='ltr'><strong>Stans</strong></span> <span class='ocrx_word' id='word_1_83' title='bbox 791 2319 867 2379; x_wconf 86' lang='lat' dir='ltr'><strong>ergo</strong></span> <span class='ocrx_word' id='word_1_84' title='bbox 890 2312 922 2362; x_wconf 89' lang='lat' dir='ltr'><strong>et</strong></span> <span class='ocrx_word' id='word_1_85' title='bbox 943 2300 1128 2360; x_wconf 84' lang='lat' dir='ltr'><strong>deliberans</strong></span> 
     </span>
     <span class='ocr_line' id='line_1_16' title="bbox 339 2398 1128 2474; baseline 0.003 -20"><span class='ocrx_word' id='word_1_86' title='bbox 339 2414 409 2456; x_wconf 81' lang='lat' dir='ltr'><strong>isse</strong></span> <span class='ocrx_word' id='word_1_87' title='bbox 432 2398 508 2473; x_wconf 91' lang='lat' dir='ltr'><strong>quid</strong></span> <span class='ocrx_word' id='word_1_88' title='bbox 531 2407 654 2474; x_wconf 85' lang='lat' dir='ltr'><strong>ageret,</strong></span> <span class='ocrx_word' id='word_1_89' title='bbox 677 2416 750 2458; x_wconf 91' lang='lat' dir='ltr'><strong>curn</strong></span> <span class='ocrx_word' id='word_1_90' title='bbox 773 2399 898 2458; x_wconf 90' lang='lat' dir='ltr'><strong>nullum</strong></span> <span class='ocrx_word' id='word_1_91' title='bbox 921 2398 1037 2458; x_wconf 88' lang='lat' dir='ltr'><strong>adesse</strong></span> <span class='ocrx_word' id='word_1_92' title='bbox 1060 2414 1128 2457; x_wconf 91' lang='lat' dir='ltr'><strong>cer-</strong></span> 
     </span>
     <span class='ocr_line' id='line_1_17' title="bbox 372 2493 1126 2572; baseline -0.003 -18"><span class='ocrx_word' id='word_1_93' title='bbox 372 2504 481 2570; x_wconf 85' lang='lat' dir='ltr'><strong>neret3</strong></span> <span class='ocrx_word' id='word_1_94' title='bbox 503 2495 610 2571; x_wconf 90' lang='lat' dir='ltr'><strong>coepit</strong></span> <span class='ocrx_word' id='word_1_95' title='bbox 632 2496 773 2571; x_wconf 89' lang='lat' dir='ltr'><strong>cogitare</strong></span> <span class='ocrx_word' id='word_1_96' title='bbox 789 2496 864 2572; x_wconf 92' lang='lat' dir='ltr'><strong>quia</strong></span> <span class='ocrx_word' id='word_1_97' title='bbox 882 2496 965 2556; x_wconf 81' lang='lat' dir='ltr'><strong>forte</strong></span> <span class='ocrx_word' id='word_1_98' title='bbox 980 2493 1126 2555; x_wconf 89' lang='lat' dir='ltr'><strong>diabolus</strong></span> 
     </span>
     <span class='ocr_line' id='line_1_18' title="bbox 372 2592 1126 2669; baseline -0.001 -18"><span class='ocrx_word' id='word_1_99' title='bbox 372 2609 447 2652; x_wconf 92' lang='lat' dir='ltr'><strong>eurn</strong></span> <span class='ocrx_word' id='word_1_100' title='bbox 470 2592 628 2669; x_wconf 90' lang='lat' dir='ltr'><strong>impedire</strong></span> <span class='ocrx_word' id='word_1_101' title='bbox 643 2593 758 2653; x_wconf 87' lang='lat' dir='ltr'><strong>vellet:</strong></span> <span class='ocrx_word' id='word_1_102' title='bbox 781 2611 822 2653; x_wconf 95' lang='lat' dir='ltr'><strong>ne</strong></span> <span class='ocrx_word' id='word_1_103' title='bbox 841 2593 977 2654; x_wconf 91' lang='lat' dir='ltr'><strong>ulterius</strong></span> <span class='ocrx_word' id='word_1_104' title='bbox 999 2592 1037 2651; x_wconf 90' lang='lat' dir='ltr'><strong>ad</strong></span> <span class='ocrx_word' id='word_1_105' title='bbox 1059 2608 1126 2650; x_wconf 88' lang='lat' dir='ltr'><strong>nro·</strong></span> 
     </span>
     <span class='ocr_line' id='line_1_19' title="bbox 371 2688 1127 2766; baseline -0.004 -17"><span class='ocrx_word' id='word_1_106' title='bbox 371 2691 549 2750; x_wconf 87' lang='lat' dir='ltr'><strong>nasterium</strong></span> <span class='ocrx_word' id='word_1_107' title='bbox 588 2692 790 2766; x_wconf 86' lang='lat' dir='ltr'><strong>procederet.</strong></span> <span class='ocrx_word' id='word_1_108' title='bbox 846 2688 1127 2766; x_wconf 79' lang='lat' dir='ltr'><strong>circumspiciens</strong></span> 
     </span>
     <span class='ocr_line' id='line_1_20' title="bbox 372 2786 1126 2866; baseline -0.003 -19"><span class='ocrx_word' id='word_1_109' title='bbox 372 2805 448 2864; x_wconf 89' lang='lat' dir='ltr'><strong>ergo</strong></span> <span class='ocrx_word' id='word_1_110' title='bbox 464 2788 540 2847; x_wconf 91' lang='lat' dir='ltr'><strong>hinc</strong></span> <span class='ocrx_word' id='word_1_111' title='bbox 556 2788 642 2863; x_wconf 88' lang='lat' dir='ltr'><strong>inde,</strong></span> <span class='ocrx_word' id='word_1_112' title='bbox 657 2788 738 2849; x_wconf 90' lang='lat' dir='ltr'><strong>vidit</strong></span> <span class='ocrx_word' id='word_1_113' title='bbox 753 2807 771 2848; x_wconf 98' lang='lat' dir='ltr'><strong>a</strong></span> <span class='ocrx_word' id='word_1_114' title='bbox 786 2790 881 2866; x_wconf 89' lang='lat' dir='ltr'><strong>longe</strong></span> <span class='ocrx_word' id='word_1_115' title='bbox 895 2788 986 2865; x_wconf 88' lang='lat' dir='ltr'><strong>quasi</strong></span> <span class='ocrx_word' id='word_1_116' title='bbox 1003 2786 1126 2863; x_wconf 86' lang='lat' dir='ltr'><strong>nigram</strong></span> 
     </span>
     <span class='ocr_line' id='line_1_21' title="bbox 334 2885 1128 2961; baseline -0.001 -18"><span class='ocrx_word' id='word_1_117' title='bbox 334 2886 566 2945; x_wconf 79' lang='lat' dir='ltr'><strong>aonubeculam</strong></span> <span class='ocrx_word' id='word_1_118' title='bbox 586 2886 626 2945; x_wconf 94' lang='lat' dir='ltr'><strong>de</strong></span> <span class='ocrx_word' id='word_1_119' title='bbox 648 2895 735 2946; x_wconf 90' lang='lat' dir='ltr'><strong>terra</strong></span> <span class='ocrx_word' id='word_1_120' title='bbox 756 2887 945 2961; x_wconf 85' lang='lat' dir='ltr'><strong>ascendere,</strong></span> <span class='ocrx_word' id='word_1_121' title='bbox 967 2893 998 2945; x_wconf 90' lang='lat' dir='ltr'><strong>et</strong></span> <span class='ocrx_word' id='word_1_122' title='bbox 1021 2885 1128 2960; x_wconf 90' lang='lat' dir='ltr'><strong>paula·</strong></span> 
     </span>
     <span class='ocr_line' id='line_1_22' title="bbox 371 2982 1130 3059; baseline -0.003 -18"><span class='ocrx_word' id='word_1_123' title='bbox 371 2982 427 3041; x_wconf 88' lang='lat' dir='ltr'><strong>tinr</strong></span> <span class='ocrx_word' id='word_1_124' title='bbox 465 2983 497 3042; x_wconf 93' lang='lat' dir='ltr'><strong>in</strong></span> <span class='ocrx_word' id='word_1_125' title='bbox 536 2984 634 3043; x_wconf 89' lang='lat' dir='ltr'><strong>altum</strong></span> <span class='ocrx_word' id='word_1_126' title='bbox 674 3001 883 3044; x_wconf 87' lang='lat' dir='ltr'><strong>excrescere:</strong></span> <span class='ocrx_word' id='word_1_127' title='bbox 919 2992 951 3043; x_wconf 91' lang='lat' dir='ltr'><strong>et</strong></span> <span class='ocrx_word' id='word_1_128' title='bbox 982 2982 1075 3059; x_wconf 91' lang='lat' dir='ltr'><strong>quasi</strong></span> <span class='ocrx_word' id='word_1_129' title='bbox 1112 2998 1130 3039; x_wconf 92' lang='lat' dir='ltr'><strong>a</strong></span> 
     </span>
     <span class='ocr_line' id='line_1_23' title="bbox 371 3080 1129 3156; baseline 0.001 -18"><span class='ocrx_word' id='word_1_130' title='bbox 371 3089 468 3139; x_wconf 91' lang='lat' dir='ltr'><strong>vento</strong></span> <span class='ocrx_word' id='word_1_131' title='bbox 484 3080 623 3156; x_wconf 86' lang='lat' dir='ltr'><strong>agitante</strong></span> <span class='ocrx_word' id='word_1_132' title='bbox 639 3082 774 3141; x_wconf 89' lang='lat' dir='ltr'><strong>moveri.</strong></span> <span class='ocrx_word' id='word_1_133' title='bbox 808 3080 1004 3141; x_wconf 90' lang='lat' dir='ltr'><strong>Perterritus</strong></span> <span class='ocrx_word' id='word_1_134' title='bbox 1020 3080 1129 3156; x_wconf 91' lang='lat' dir='ltr'><strong>itaque</strong></span> 
     </span>
     <span class='ocr_line' id='line_1_24' title="bbox 371 3178 1130 3255; baseline 0 -18"><span class='ocrx_word' id='word_1_135' title='bbox 371 3179 482 3253; x_wconf 91' lang='lat' dir='ltr'><strong>valde,</strong></span> <span class='ocrx_word' id='word_1_136' title='bbox 511 3187 543 3238; x_wconf 95' lang='lat' dir='ltr'><strong>et</strong></span> <span class='ocrx_word' id='word_1_137' title='bbox 565 3178 793 3239; x_wconf 88' lang='lat' dir='ltr'><strong>coniecturans</strong></span> <span class='ocrx_word' id='word_1_138' title='bbox 816 3179 891 3255; x_wconf 91' lang='lat' dir='ltr'><strong>quia</strong></span> <span class='ocrx_word' id='word_1_139' title='bbox 917 3187 1047 3239; x_wconf 88' lang='lat' dir='ltr'><strong>satanas</strong></span> <span class='ocrx_word' id='word_1_140' title='bbox 1069 3179 1130 3239; x_wconf 93' lang='lat' dir='ltr'><strong>iter</strong></span> 
     </span>
     <span class='ocr_line' id='line_1_25' title="bbox 372 3275 1128 3353; baseline 0 -18"><span class='ocrx_word' id='word_1_141' title='bbox 372 3276 444 3336; x_wconf 92' lang='lat' dir='ltr'><strong>eius</strong></span> <span class='ocrx_word' id='word_1_142' title='bbox 471 3277 629 3353; x_wconf 89' lang='lat' dir='ltr'><strong>impedire</strong></span> <span class='ocrx_word' id='word_1_143' title='bbox 659 3277 834 3351; x_wconf 88' lang='lat' dir='ltr'><strong>niteretur,</strong></span> <span class='ocrx_word' id='word_1_144' title='bbox 863 3293 904 3335; x_wconf 93' lang='lat' dir='ltr'><strong>ne</strong></span> <span class='ocrx_word' id='word_1_145' title='bbox 926 3275 1128 3353; x_wconf 89' lang='lat' dir='ltr'><strong>propositum</strong></span> 
     </span>
     <span class='ocr_line' id='line_1_26' title="bbox 335 3374 1129 3449; baseline 0.001 -18"><span class='ocrx_word' id='word_1_146' title='bbox 335 3390 467 3433; x_wconf 77' lang='lat' dir='ltr'><strong>assuurn</strong></span> <span class='ocrx_word' id='word_1_147' title='bbox 511 3374 680 3449; x_wconf 84' lang='lat' dir='ltr'><strong>impleret3</strong></span> <span class='ocrx_word' id='word_1_148' title='bbox 722 3374 830 3434; x_wconf 90' lang='lat' dir='ltr'><strong>statim</strong></span> <span class='ocrx_word' id='word_1_149' title='bbox 866 3374 992 3434; x_wconf 86' lang='lat' dir='ltr'><strong>elevata</strong></span> <span class='ocrx_word' id='word_1_150' title='bbox 1031 3390 1129 3433; x_wconf 90' lang='lat' dir='ltr'><strong>manu</strong></span> 
     </span>
     <span class='ocr_line' id='line_1_27' title="bbox 372 3470 1128 3548; baseline 0 -18"><span class='ocrx_word' id='word_1_151' title='bbox 372 3480 503 3531; x_wconf 87' lang='lat' dir='ltr'><strong>sanctae</strong></span> <span class='ocrx_word' id='word_1_152' title='bbox 525 3472 633 3531; x_wconf 91' lang='lat' dir='ltr'><strong>crucis</strong></span> <span class='ocrx_word' id='word_1_153' title='bbox 660 3472 788 3548; x_wconf 87' lang='lat' dir='ltr'><strong>signum</strong></span> <span class='ocrx_word' id='word_1_154' title='bbox 813 3471 906 3531; x_wconf 86' lang='lat' dir='ltr'><strong>iecit:</strong></span> <span class='ocrx_word' id='word_1_155' title='bbox 935 3480 967 3531; x_wconf 90' lang='lat' dir='ltr'><strong>et</strong></span> <span class='ocrx_word' id='word_1_156' title='bbox 996 3470 1128 3531; x_wconf 89' lang='lat' dir='ltr'><strong>salutari</strong></span> 
     </span>
     <span class='ocr_line' id='line_1_28' title="bbox 372 3567 1131 3645; baseline 0.001 -18"><span class='ocrx_word' id='word_1_157' title='bbox 372 3569 464 3645; x_wconf 86' lang='lat' dir='ltr'><strong>signo</strong></span> <span class='ocrx_word' id='word_1_158' title='bbox 495 3569 634 3630; x_wconf 81' lang='lat' dir='ltr'><strong>frontem</strong></span> <span class='ocrx_word' id='word_1_159' title='bbox 665 3570 809 3630; x_wconf 89' lang='lat' dir='ltr'><strong>armavit.</strong></span> <span class='ocrx_word' id='word_1_160' title='bbox 853 3567 973 3645; x_wconf 88' lang='lat' dir='ltr'><strong>Sicque</strong></span> <span class='ocrx_word' id='word_1_161' title='bbox 1004 3569 1131 3630; x_wconf 87' lang='lat' dir='ltr'><strong>abiecto</strong></span> 
     </span>
     <span class='ocr_line' id='line_1_29' title="bbox 372 3666 1130 3728; baseline 0.004 -4"><span class='ocrx_word' id='word_1_162' title='bbox 372 3666 488 3726; x_wconf 90' lang='lat' dir='ltr'><strong>timore</strong></span> <span class='ocrx_word' id='word_1_163' title='bbox 511 3676 542 3726; x_wconf 90' lang='lat' dir='ltr'><strong>et</strong></span> <span class='ocrx_word' id='word_1_164' title='bbox 566 3667 639 3727; x_wconf 84' lang='lat' dir='ltr'><strong>iorti</strong></span> <span class='ocrx_word' id='word_1_165' title='bbox 663 3668 726 3727; x_wconf 85' lang='lat' dir='ltr'><strong>fide</strong></span> <span class='ocrx_word' id='word_1_166' title='bbox 749 3668 965 3728; x_wconf 77' lang='lat' dir='ltr'><strong>confortatus:</strong></span> <span class='ocrx_word' id='word_1_167' title='bbox 989 3667 1130 3727; x_wconf 82' lang='lat' dir='ltr'><strong>frontem</strong></span> 
     </span>
    </p>
   </div>
   <div class='ocr_carea' id='block_1_5' title="bbox 372 3762 1132 3911">
    <p class='ocr_par' dir='ltr' id='par_1_5' title="bbox 372 3762 1132 3911">
     <span class='ocr_line' id='line_1_30' title="bbox 372 3762 1132 3842; baseline 0.004 -19"><span class='ocrx_word' id='word_1_168' title='bbox 372 3762 488 3824; x_wconf 90' lang='lat' dir='ltr'><strong>iterum</strong></span> <span class='ocrx_word' id='word_1_169' title='bbox 520 3782 617 3824; x_wconf 89' lang='lat' dir='ltr'><strong>cruce</strong></span> <span class='ocrx_word' id='word_1_170' title='bbox 646 3766 779 3842; x_wconf 87' lang='lat' dir='ltr'><strong>signans</strong></span> <span class='ocrx_word' id='word_1_171' title='bbox 801 3765 939 3825; x_wconf 90' lang='lat' dir='ltr'><strong>viriliter</strong></span> <span class='ocrx_word' id='word_1_172' title='bbox 959 3768 1132 3840; x_wconf 87' lang='lat' dir='ltr'><strong>processit.</strong></span> 
     </span>
     <span class='ocr_line' id='line_1_31' title="bbox 733 3869 771 3911; baseline 0.026 -1"><span class='ocrx_word' id='word_1_173' title='bbox 733 3869 771 3911; x_wconf 75' lang='lat'><strong>192</strong></span> 
     </span>
    </p>
   </div>
   <div class='ocr_carea' id='block_1_6' title="bbox 0 0 1357 4659">
    <p class='ocr_par' dir='ltr' id='par_1_6' title="bbox 0 0 1357 4659">
     <span class='ocr_line' id='line_1_32' title="bbox 0 0 1357 4659; baseline 0 0"><span class='ocrx_word' id='word_1_174' title='bbox 0 0 1357 4659; x_wconf 95' lang='lat' dir='ltr'><strong> </strong></span> 
     </span>
    </p>
   </div>
  </div>
 </body>
</html>
