2692 4659
192 1405 207 1446 ι

194 1490 207 1545 d

193 675 198 702 t
229 725 548 778 mmmm
582 725 631 767 xlx
663 723 986 777 &ww

192 816 201 956 ζ
231 859 308 935 lius;
334 858 505 920 Christum
528 859 704 935 designans
726 876 766 918 ex
789 859 911 918 lemina
932 875 986 917 na-

210 1005 212 1014 .
231 957 404 1016 sciturum:
426 966 458 1016 et
479 972 584 1031 genus
605 958 785 1016 humanum
802 957 986 1032 redemptu-

232 1072 309 1114 ιιιιιι.
354 1054 427 1131 Ipsa
448 1053 554 1131 inquit
576 1062 724 1114 conteret
753 1064 848 1129 caput
877 1063 985 1113 tuum:

233 1163 260 1211 et
281 1163 315 1213 tu
338 1152 547 1212 insidiaberis
564 1152 717 1211 calcaneo
740 1150 822 1211 eius,
865 1150 911 1209 Ex
934 1148 986 1208 his

192 1212 338 1349 :iverbis
366 1260 453 1326 patet
481 1249 627 1325 nequitia
656 1258 688 1309 et
718 1247 839 1307 malitia
867 1244 1009 1306 diabolis

192 1311 341 1407 ¹¹contra
356 1365 433 1407 nos:
456 1346 532 1424 quia
553 1363 619 1406 non
642 1355 693 1405 est
708 1345 770 1405 sibi
787 1343 985 1404 credendum

236 1460 289 1504 nec
311 1461 425 1504 secum
445 1444 665 1518 fabulandum,
687 1459 748 1501 nec
765 1459 838 1501 cum
862 1458 901 1500 eo
923 1440 987 1499 dis·

192 1542 424 1643 ¹¹putandum3
461 1541 538 1616 quia
568 1540 716 1600 callidior
750 1548 800 1598 est
835 1537 987 1596 omnibus

192 1601 479 1739 :fanimantibus
471 1656 503 1698 m
526 1649 628 1699 terra:
659 1647 691 1698 et
713 1636 863 1697 subtilior
885 1635 987 1694 omni-

195 1798 206 1837 a
192 1701 288 1795 bus
324 1736 534 1796 studentibus
569 1736 602 1795 in
639 1734 763 1794 scholis
796 1744 828 1793 et
863 1732 986 1793 saeculr
998 1753 1023 1793 ιο

192 1832 380 1935 nnegotiis
413 1832 538 1894 Cavete
559 1832 680 1892 novicii
697 1843 791 1908 caput
813 1831 988 1907 serpentis,

192 1896 358 2033 Zinitium
382 1931 621 2007 temptationis3
644 1932 721 1991 latet
743 1931 804 1991 sub
820 1929 921 1989 herba
943 1928 988 1987 vi·

235 2044 285 2087 rus
307 2028 488 2103 serpentis:
510 2029 565 2104 qui
589 2044 688 2104 saepe
704 2028 794 2088 venit
816 2037 847 2087 et
869 2025 989 2101 decipit

191 2142 367 2228 puerum
400 2127 461 2186 sub
492 2127 604 2202 specie
633 2126 761 2203 pulchri
791 2123 877 2201 pomi
901 2124 989 2182 intus

191 2189 394 2284 foetentis.
444 2225 519 2284 Non
547 2227 653 2285 solum
684 2234 791 2284 autem
821 2220 1025 2296 simplicesrs

191 2397 199 2405 ι
231 2330 259 2379 et
281 2321 383 2381 laicos
406 2321 526 2397 decipit
541 2323 599 2382 sed
621 2322 718 2382 etiam
735 2321 848 2380 doctos
871 2328 902 2379 et
924 2336 988 2377 ma·

191 2469 212 2502 ι,
230 2419 348 2494 gistros
369 2419 555 2480 nominatos
577 2431 673 2497 atque
697 2418 904 2480 claustrales:
936 2434 988 2475 va-

192 2527 211 2583 ,··
231 2517 293 2576 rias
309 2516 359 2576 eis
370 2516 524 2593 ingerens
534 2518 704 2578 vanitates.
736 2516 884 2592 Temptat
895 2514 987 2591 quasi

191 2595 196 2698 ἶ
230 2614 348 2674 cotidie
359 2614 573 2690 perquinque
585 2615 732 2690 corporis
743 2631 879 2674 sensus:
902 2629 988 2672 nunc

230 2730 287 2787 per
301 2728 434 2772 carnem
450 2713 641 2789 alliciendo;
655 2730 743 2773 nunc
759 2730 817 2788 per
838 2710 1025 2787 spiritumao

191 2799 195 2810 '
230 2812 405 2871 elevando:
446 2828 534 2870 nunc
570 2828 629 2886 per
664 2811 744 2871 iram
781 2808 989 2885 indignando.

191 2875 294 3006 ζιΑιιι
326 2909 415 2969 enim
448 2909 525 2969 facit
556 2908 708 2968 homines
739 2907 835 2967 rixari
859 2916 991 2982 propter

191 2957 374 3082 {thonores
389 3016 421 3067 et
437 3006 584 3082 divitias3
602 3017 656 3067 aut
672 3006 807 3066 laetari
800 3023 831 3064 m
848 3004 989 3064 deliciis:

191 3179 196 3198 ι
232 3114 281 3162 aut
303 3103 404 3163 nimis
426 3103 546 3163 tristari
576 3102 609 3162 in
631 3102 780 3162 adversis
809 3111 840 3161 et
862 3101 990 3161 damnis

232 3201 379 3261 terrenis.
423 3200 514 3260 Haec
536 3211 613 3261 sunt
641 3219 741 3277 opera
769 3200 904 3260 diaboli:
933 3199 1026 3275 quizs

191 3288 198 3366 J
233 3298 347 3359 cecidit
369 3315 428 3376 per
449 3298 635 3373 superbiam
654 3299 695 3357 de
711 3298 881 3358 altitudine
897 3296 988 3356 caeli.

233 3394 301 3472 lpse
326 3396 404 3456 lecit
420 3395 505 3455 lilios
521 3395 621 3456 lsrael
637 3412 842 3455 murmurare
857 3404 989 3470 propter

191 3565 195 3575 ι
232 3494 372 3555 laborem
396 3504 428 3554 et
443 3493 613 3570 penuriam
630 3493 776 3553 ciborum
793 3493 825 3552 in
843 3493 987 3552 deserto:

190 3644 192 3651 ι
229 3591 392 3668 persuasit
429 3591 558 3651 ludaeis
601 3590 787 3651 sacrificare
823 3590 920 3650 idolis
955 3590 988 3649 in

229 3692 353 3768 templo
378 3690 449 3748 Deo
474 3700 675 3749 consecrato.
719 3688 792 3764 lpse
821 3686 1025 3762 temptavitao

226 3790 402 3853 Christum
426 3786 530 3847 tribus
545 3786 673 3846 vicibus
695 3795 769 3862 post
791 3786 921 3861 longum
945 3783 988 3843 ie-

252 3896 375 3937 Thomaea
385 3891 413 3934 lt.
423 3889 508 3944 Opera.
523 3890 560 3932 Vl.
598 3892 632 3932 161
861 3891 882 3931 ll
