2692 4659
308 670 470 723 &moras
496 670 659 713 scaliones
674 672 714 712 an
731 670 880 712 novicios
905 671 1069 723 aalma

308 804 472 881 meritum,
484 815 516 865 et
526 804 707 880 praemium
719 803 966 879 sempiternum.
990 804 1068 881 Quo

310 900 449 960 feliciter
477 902 609 978 adepto:
639 920 705 962 non
734 901 795 961 erit
824 902 911 978 quod
934 902 1069 978 cupient

309 999 459 1074 amplius.
503 1000 594 1060 Beati
621 999 708 1059 enim
739 1017 871 1077 omneS,
900 1000 955 1077 qui
978 1000 1068 1077 digni

309 1106 405 1156 erunt
420 1114 520 1173 regno
532 1097 592 1157 Dei
611 1097 774 1157 interesse
793 1107 914 1158 etcum
931 1098 1069 1160 Christo

285 1195 433 1270 aepulari
456 1205 488 1255 et
509 1196 668 1271 gaudere3
695 1213 753 1271 pro
776 1213 814 1256 eo
837 1196 923 1273 quod
946 1195 979 1254 in
1002 1194 1070 1255 vita

309 1310 368 1351 sua
390 1292 560 1354 Christum
591 1303 797 1354 amaverunt:
820 1304 852 1355 et
874 1294 983 1354 omnia
1004 1302 1069 1353 ter·

310 1408 388 1449 rena
409 1390 661 1466 vilipenderunt.

351 1487 468 1547 Dilecti
486 1489 602 1549 iratres
615 1489 786 1549 imitamini
798 1490 956 1549 humilem
967 1490 1067 1550 vitam

311 1587 385 1645 lesu
409 1585 550 1660 Christi,
571 1586 657 1646 sicut
679 1596 711 1646 et
732 1586 834 1646 sancti
857 1587 1069 1646 confessores

276 1684 474 1745 refecerunt:
490 1682 575 1743 inter
585 1701 668 1759 quos
681 1684 813 1743 fuerunt
824 1684 915 1744 multi
929 1684 1069 1760 nobileS,

309 1800 345 1841 ac
362 1782 480 1841 divites
494 1782 555 1841 viri
578 1782 633 1859 qui
653 1783 749 1858 longo
772 1792 918 1857 tempore
940 1782 973 1842 in
996 1784 1069 1843 abs-

310 1879 445 1939 tinentia
476 1878 640 1954 carnium,
669 1879 702 1937 in
739 1880 881 1940 carentia
911 1879 1068 1940 frumenti

310 1976 377 2036 vini
393 1986 425 2037 et
440 1977 502 2035 olei
519 1987 552 2037 et
570 1978 708 2037 aliorum
724 1978 965 2039 delectabilium
982 1979 1069 2039 cibo-

311 2092 382 2134 rum
406 2074 567 2133 duxerunt
589 2073 687 2133 vitam
710 2075 804 2133 valde
828 2075 1013 2152 religiosam
1037 2087 1070 2137 et

277 2172 441 2246 rsduram3
470 2170 699 2247 crucifigentes
728 2190 801 2231 cum
825 2172 913 2233 vitiis
938 2183 970 2235 et
991 2193 1068 2234 con·

311 2269 523 2346 cupiscentiis
552 2270 622 2329 suis
644 2286 776 2329 carnem
806 2270 970 2347 fragilem,
1001 2289 1068 2332 non

310 2376 442 2442 propter
470 2367 598 2427 laudem
628 2368 820 2427 humanam:
849 2369 907 2427 sed
937 2378 972 2428 ut
997 2370 1068 2429 Deo

311 2464 538 2524 satisfacerent
559 2482 617 2540 pro
640 2466 783 2541 peccatis
805 2483 863 2541 per
885 2466 1069 2526 ferventem

311 2562 553 2638 paenitentiam.
610 2562 652 2621 Hi
690 2572 801 2622 contra
838 2563 1070 2639 temptationes

274 2659 429 2720 aodiaboli
451 2671 482 2720 et
498 2660 609 2719 mundi
626 2661 769 2720 honores
785 2671 947 2721 certantes
963 2679 1070 2738 usque

311 2758 350 2817 ad
378 2768 533 2818 mortem:
564 2758 651 2818 felici
681 2760 810 2818 tandem
842 2758 905 2818 line
935 2776 1069 2819 cursum

312 2856 397 2916 vitae
412 2873 491 2916 suae
507 2857 764 2931 compleverunt.
794 2855 955 2932 Quamvis
972 2855 1071 2932 igitur

312 2954 365 3013 isti
381 2963 594 3030 tyrannorum
609 2953 762 3029 gladium,
780 2964 834 3013 aut
849 2954 957 3029 ignem
974 2971 1071 3014 uren-

312 3061 395 3126 tem,
426 3061 480 3111 aut
509 3068 656 3110 morsum
688 3050 886 3126 bestiarum,
917 3069 976 3111 seu
1009 3053 1071 3111 alia

276 3148 506 3210 assaevissima
533 3157 694 3208 tormenta
716 3166 781 3208 non
803 3151 1008 3224 pertulerunt
1036 3151 1070 3210 in

313 3265 465 3324 corpore:
488 3248 665 3307 maximum
687 3257 796 3307 tamen
818 3248 940 3306 bellum
964 3257 996 3307 et
1018 3264 1071 3308 co·

313 3346 469 3406 tidianum
479 3345 670 3423 martyrium
682 3345 892 3420 perfecerunt
902 3344 935 3403 in
946 3355 1071 3421 mente;

313 3444 410 3505 vitam
434 3453 555 3504 castam
580 3442 738 3502 humilem
767 3442 942 3517 abiectam,
972 3442 1070 3502 inter·

313 3559 386 3602 nam
411 3542 579 3615 devotam,
600 3540 773 3615 benignam
796 3540 991 3615 patientem,
1020 3558 1070 3600 so-

277 3641 415 3700 aobriam
443 3641 641 3713 modestam,
669 3655 845 3714 pauperem
875 3648 906 3697 et
934 3638 1070 3698 abscon·

314 3739 422 3814 ditam,
443 3755 520 3814 prae
543 3736 669 3797 cunctis
685 3737 796 3796 mundi
813 3735 929 3812 opibus
949 3737 1069 3812 ample-

678 3841 705 3881 aa
