2692 4659
309 640 469 691 &ffiffl
498 638 660 681 SERMONES
676 640 716 681 ΑΙ)
733 638 881 681 NOVlClOS
907 640 1068 691 ww

309 773 406 831 tando
429 772 523 832 dicat.
567 773 596 834 Ο
621 773 712 833 Deus
741 773 768 831 si
798 772 831 832 in
857 773 909 832 tali
939 774 1011 832 loco
1035 782 1067 833 et

310 868 424 927 ordine
447 886 573 944 essem3
596 887 692 945 quam
715 871 799 929 bene
821 880 853 928 et
875 871 992 930 devote
1014 888 1067 929 me

310 966 430 1025 habere
460 967 596 1026 vellem:
628 985 689 1026 nec
719 968 758 1027 de
790 967 897 1043 aliquo
927 968 1067 1044 amplius

311 1063 466 1140 conqueri
489 1065 542 1123 vel
565 1065 697 1124 turbari.
741 1066 815 1124 Heu
839 1064 940 1124 miser
966 1076 999 1126 et
1021 1066 1068 1124 in·

287 1162 436 1237 ssipiens
458 1163 568 1237 homo,
590 1163 645 1238 qui
668 1174 822 1222 extranea
844 1163 884 1221 ob
903 1163 1066 1223 deiectum

311 1259 450 1320 fervoris
473 1259 612 1335 cogitas:
642 1269 673 1319 et
696 1260 827 1335 saepius
852 1278 891 1320 ex
920 1262 1068 1338 angustia

310 1358 493 1434 praesentis
529 1358 693 1433 passionis
733 1358 856 1418 leviora
891 1360 1068 1436 confingis3

311 1474 370 1516 cur
384 1474 449 1516 non
473 1456 554 1515 facis
569 1457 649 1515 haec
665 1457 751 1515 bona
772 1456 804 1515 in
824 1457 895 1515 loco
918 1456 991 1531 isto,
1013 1455 1067 1515 ubi

312 1571 385 1612 cum
409 1555 584 1613 multorum
609 1553 743 1614 fratrum
766 1553 883 1629 gratia,
910 1563 942 1612 et
963 1554 1068 1613 bonae

279 1667 303 1707 ro
314 1650 534 1711 conscientiae
556 1668 635 1726 pace
658 1651 770 1711 vivere
786 1661 878 1727 potes
894 1651 965 1710 Deo
985 1661 1069 1711 teste

312 1758 344 1807 et
367 1748 524 1808 favente?
560 1748 670 1824 Quare
694 1748 840 1824 neglegis
862 1748 990 1808 modica
1012 1749 1067 1808 tibi

312 1847 413 1922 dicta;
449 1855 480 1906 et
515 1846 699 1922 praesumis
737 1846 894 1922 ampliora
934 1846 1070 1906 futura?

315 1944 479 2003 Praescito
503 1944 588 2019 quod
611 1961 710 2018 saepe
726 1944 818 2003 aliter
840 1953 872 2003 et
891 1944 993 2003 multo
1016 1944 1070 2003 de·

313 2042 415 2101 terius
437 2042 626 2118 contingere
642 2044 726 2102 solet
741 2042 859 2118 tepidis
877 2051 909 2101 et
924 2042 1069 2119 dyscolis

279 2158 303 2198 rs
313 2139 496 2215 discipulis:
512 2156 608 2215 quam
625 2139 686 2216 ipsi
699 2140 731 2198 in
743 2138 851 2199 animo
862 2140 953 2215 prius
969 2139 1070 2199 finxe-

313 2248 397 2312 runt,
406 2238 529 2313 absque
540 2238 646 2297 fructu
656 2236 794 2296 alicuius
803 2237 932 2296 valoris.
945 2237 1070 2297 Multos

314 2334 430 2395 fefellit
452 2335 514 2394 ista
543 2334 746 2410 imaginati03
775 2335 895 2394 multos
924 2334 1071 2394 eruditos

314 2450 423 2492 errare
447 2433 523 2493 iecit
554 2432 659 2492 facilis
688 2433 750 2492 loci
781 2432 931 2492 mutatio:
960 2433 1073 2507 plures

313 2532 518 2592 contristavit
556 2532 595 2590 ad
634 2531 732 2590 alium
772 2531 919 2591 ordinem
961 2530 1074 2590 incon·

276 2631 399 2689 zosulta
428 2629 586 2706 migratio.
636 2628 837 2704 Saepissime
867 2645 1009 2704 namque
1039 2628 1072 2687 in

313 2726 385 2786 aliis
404 2727 574 2802 probatum
590 2735 655 2784 est:
679 2725 765 2800 quod
782 2742 853 2784 raro
869 2725 1073 2785 emendatior

314 2824 421 2899 rediit,
444 2823 498 2900 qui
522 2824 615 2899 plura
632 2824 703 2882 loca
718 2821 889 2898 quaesivit.
918 2822 1073 2881 Vbicum-

313 2940 377 2999 que
401 2922 488 2981 enim
512 2922 611 2980 homo
628 2920 727 2979 fuerit
743 2919 894 2978 homines
909 2920 1072 2980 inveniet:

314 3020 410 3081 etiam
447 3019 579 3078 claudos
616 3027 648 3077 et
684 3017 808 3076 debiles
844 3033 927 3092 quos
959 3018 1073 3094 utique

276 3118 453 3177 astolerare
476 3124 612 3191 oportet.
643 3114 682 3174 Et
705 3114 788 3173 forte
811 3113 1072 3189 imperfectiores

314 3215 441 3292 aliquos
472 3212 600 3273 videbis
631 3212 686 3288 qui
717 3210 772 3270 tibi
803 3211 835 3270 in
865 3211 977 3271 multis
1006 3229 1071 3272 non

313 3312 505 3388 placebunt:
546 3327 606 3369 nec
643 3321 677 3369 tu
714 3308 763 3367 eis
799 3307 950 3368 similiter
985 3326 1071 3369 com·

314 3409 467 3486 placebis.
497 3408 616 3467 Dicent
632 3407 715 3466 forte
731 3405 861 3481 quidam
885 3414 939 3464 aut
954 3407 1071 3483 cogita-

314 3508 395 3566 bunt
416 3507 456 3566 de
479 3516 510 3566 te
533 3505 683 3565 sinistre:
714 3503 742 3562 si
765 3503 928 3562 valuisses
950 3504 1071 3580 aliquid

278 3604 495 3665 aomansisses
517 3602 626 3678 potius
655 3601 688 3660 in
719 3601 790 3660 loco
820 3611 851 3659 et
880 3600 995 3660 ordine
1017 3612 1071 3660 tuo

316 3719 389 3761 cum
421 3718 510 3776 pace.
562 3700 740 3761 Manifesta
775 3709 883 3760 tamen
915 3699 980 3759 cito
1012 3698 1071 3759 erit

673 3806 710 3845 ror
