2692 4659
577 684 742 737 Epilegomcna.

277 817 354 893 (sic)
382 816 443 876 Vie
475 816 515 877 de
548 817 603 878 Ste
636 817 851 891 Ludewine¹,
887 835 951 894 que
982 835 1038 879 ces

278 913 442 973 ouvrages
470 908 526 958 ont
556 902 607 957 ete
637 898 736 958 ecrits
764 899 804 958 de
834 899 864 957 la
890 899 977 958 main
1000 899 1040 959 de

278 979 427 1038 l’auteur.
479 978 528 1040 Or
562 995 727 1054 personne
763 995 805 1039 ne
841 978 939 1039 doute
975 997 1039 1056 que

278 1058 422 1119 Thomas
450 1062 468 1117 a
492 1059 628 1135 Kempis
657 1075 700 1119 ne
729 1059 793 1119 soit
821 1059 960 1120 l’auteur
981 1060 1039 1120 des

279 1140 438 1200 Sermons
467 1149 499 1199 et
527 1140 567 1199 de
590 1140 621 1198 la
642 1140 695 1199 vie
721 1140 761 1199 de
785 1139 840 1200 Ste
864 1140 1040 1201 Ludewine

278 1237 343 1297 que
359 1237 397 1279 ce
413 1221 544 1279 volume
561 1220 714 1280 contient.
745 1221 808 1280 Les
823 1222 1040 1281 nombreuses

278 1311 406 1361 ratures
436 1310 468 1359 et
496 1300 697 1360 corrections
729 1318 793 1377 que
822 1301 852 1361 le
882 1319 941 1362 ms.
967 1319 1039 1361 ren·

278 1381 383 1441 ferme
406 1380 600 1441 confirment
621 1381 724 1456 l’avis,
749 1398 812 1458 que
835 1382 865 1441 la
886 1382 973 1442 main
996 1383 1038 1442 du

278 1462 401 1522 xvpm.
424 1461 525 1521 siecle
547 1479 632 1521 nous
654 1462 772 1522 donne.

836 1543 868 1618 J.
892 1544 929 1603 B.
952 1543 998 1604 Μ.

875 1627 968 1683 1846“

320 1720 414 1798 Quae
436 1720 544 1797 aliqua
566 1737 606 1780 ex
628 1731 718 1796 parte
743 1721 946 1797 explicantur
967 1721 1038 1781 sive

277 1802 495 1862 inlustrantur
523 1802 592 1877 his,
620 1818 704 1877 quae
730 1801 891 1861 Eusebius
913 1801 1039 1877 Amort,

277 1882 396 1941 Moral.
413 1881 574 1944 Certitud.
589 1883 693 1958 (1764)
715 1886 779 1958 p.4
796 1900 844 1959 sq.
861 1883 1038 1943 memoriae

275 1962 424 2022 tradidit:

319 2042 436 2114 ,CUm
452 2059 537 2102 anno
556 2046 641 2103 1561.
664 2053 869 2119 reassumpto
886 2043 1037 2105 Concilio

275 2122 468 2183 Tridentino
504 2124 756 2198 deliberaretur,
791 2125 954 2199 quomodo
990 2125 1037 2184 in-

275 2204 520 2265 valescentibus
542 2204 575 2264 in
600 2204 713 2280 Belgio
743 2205 935 2264 haeresibus
960 2206 1038 2265 vali-

276 2286 351 2345 dius
363 2284 471 2344 resisti
488 2294 610 2360 posset,
626 2284 706 2344 Pius
718 2284 772 2344 lV.
784 2284 940 2345 Summus
954 2285 1037 2346 Pon-

274 2366 357 2425 tifex
372 2365 567 2441 paucitatem
590 2375 622 2424 et
637 2365 771 2424 nimiam
789 2366 1035 2442 amplitudinem

275 2446 1037 2523 Episcopatuum,necnonvariasexemptiones

274 2545 293 2586 a
315 2525 543 2600 jurisdictione
560 2526 797 2602 Episcoporum
814 2528 1037 2603 considerans,

274 2606 315 2667 ad
332 2607 518 2667 instantiam
536 2607 678 2682 Philippi
694 2608 732 2666 ll.
750 2608 848 2683 Regis
864 2608 1037 2683 Hispania·

274 2705 348 2747 rum
364 2697 504 2764 quatuor
518 2705 622 2747 novos
635 2687 860 2763 Episcopatus
876 2688 961 2748 inter
976 2691 1036 2749 hos

274 2768 373 2828 etiam
384 2768 670 2843 Daventriensem,
681 2768 812 2827 erexit².
829 2767 915 2829 Cum
927 2780 1035 2829 autern

273 2850 431 2909 deessent
446 2848 644 2908 sufficientia
659 2850 744 2908 bona
762 2849 961 2908 fundationis
977 2867 1035 2925 pro

272 2929 371 2989 novis
395 2928 583 3004 Episcopis,
612 2945 793 3005 eorumque
818 2928 1036 3005 Officialibus,

273 3020 305 3070 et
328 3027 387 3085 pro
403 3009 613 3085 dignitatibus
630 3026 791 3069 novorum
808 3009 1035 3085 Capitulorum

273 3089 1037 3167 Cathedralium,Pontifexaliquotlllonasteria

273 3181 306 3231 et
323 3170 572 3246 Praeposituras
588 3172 782 3247 suppressit,
804 3171 935 3231 illorum
951 3172 1036 3232 fruc-

315 3345 366 3388 ¹1n
387 3346 427 3388 fol.
447 3346 494 3387 tl7r
511 3359 577 3388 manu
598 3348 696 3400 saeculi,
715 3356 740 3388 ut
758 3349 859 3401 videtur,
878 3350 934 3390 sexti
955 3349 1035 3390 decimi

272 3401 376 3442 adnotata
391 3409 457 3453 sunt,
478 3413 534 3453 quae
550 3400 608 3441 inira
622 3402 696 3442 tabula
714 3402 888 3456 photographica
905 3402 934 3442 lx
949 3415 1035 3455 reprae-

273 3462 359 3496 sentata
377 3463 427 3495 ante
442 3454 521 3496 oculos
537 3454 618 3508 habes,
639 3456 704 3497 haec:
725 3454 847 3506 ,seruetur
866 3455 983 3507 diligenter
1001 3456 1035 3497 Li-

273 3508 347 3550 bellus
366 3509 417 3549 iste.
447 3507 504 3549 Nam
524 3517 657 3561 prototypus
677 3518 712 3550 est
731 3522 797 3550 manu
818 3511 919 3551 authoris
935 3511 1034 3562 scriptus

274 3570 294 3603 et
308 3570 425 3603 exaratus:
441 3570 461 3603 et
476 3574 503 3603 ex
513 3563 632 3614 principali
645 3562 746 3614 Legenda
760 3564 791 3612 (vr
801 3564 871 3613 aiunt)
882 3564 1034 3616 abbreuiatus,

275 3616 359 3657 relictis
374 3616 403 3655 iis
419 3627 475 3667 quae
490 3616 597 3657 mendosa
612 3624 632 3657 et
646 3618 806 3669 superstitiosa
821 3617 974 3658 videbantur.“

314 3667 394 3709 ²Vide
410 3668 498 3710 Bullam
509 3668 544 3709 Pii
557 3667 593 3710 1V.
618 3670 735 3721 Regiminl.
762 3670 840 3711 Datum
855 3669 967 3712 Romae'l.
980 3670 1034 3711 ldus

274 3722 368 3774 Augusti
380 3721 438 3763 1561.
446 3722 506 3775 apud
517 3721 676 3764 HUGONEM
686 3723 745 3765 VAN
755 3722 894 3765 HEUSSEN
904 3726 927 3765 iu
935 3724 1034 3767 Historia

273 3775 384 3825 foederati
398 3776 470 3828 Belgii
483 3775 547 3817 Tom.
565 3776 592 3818 ll.
670 3826 672 3830 ι

632 3853 672 3895 457
