2692 4659
245 707 569 761 &ww
603 707 653 750 xlx
685 707 1006 760 ww&

246 841 391 918 quaerit:
427 857 488 900 nec
523 842 609 900 bona
643 840 756 901 mundi
794 841 1006 917 concupiscit.

245 938 332 1015 Quis
362 945 414 999 est
443 938 496 999 hic
519 949 552 1000 et
574 956 653 1000 vere
675 940 880 1000 laudabimus
904 940 1007 1000 eum?

246 1036 390 1113 Oquam
407 1037 578 1097 laudabilis
594 1036 699 1097 virtus
717 1036 901 1097 humilitas:
924 1053 1006 1114 quae

246 1135 383 1211 laqueos
419 1134 537 1195 diaboli
574 1134 682 1195 evadit
717 1152 842 1195 omnes.
899 1134 1006 1211 Quam

245 1232 392 1308 pretiosa
413 1242 446 1293 et
467 1232 584 1292 decora
601 1232 706 1292 virtus
729 1232 901 1292 castitatis:
924 1248 1030 1308 quaes

245 1329 356 1390 carnis
392 1329 565 1389 illecebras
599 1330 702 1390 vincit
738 1347 812 1390 cum
855 1330 1008 1390 omnibus

245 1428 361 1488 mundi
385 1428 522 1504 pompis.
566 1428 686 1505 Nlagna
708 1428 813 1489 virtus
835 1436 1008 1503 paupertas

245 1535 445 1601 spontanea:
474 1543 538 1603 qua
565 1526 685 1587 emitur
707 1527 832 1586 caelum
860 1526 932 1585 sine
954 1542 1009 1601 pe·

246 1624 356 1684 cunia.
382 1624 511 1684 Nobilis
526 1624 631 1685 virtus
645 1624 815 1701 patientia:
838 1639 1007 1699 perquam

244 1721 426 1782 vincuntur
447 1722 556 1781 omnia
578 1722 690 1782 mundi
713 1723 859 1782 adversa.
903 1719 1044 1781 Subli-10

247 1819 314 1879 mis
337 1819 441 1880 virtus
464 1819 687 1880 oboedientia:
717 1819 769 1879 cui
792 1834 890 1893 saepe
913 1818 1010 1878 oboe-

246 1916 344 1976 diunt
366 1917 527 1977 elementa
549 1926 581 1977 et
603 1933 686 1993 quae
708 1916 861 1976 videntur
883 1915 1008 1975 homini

246 2014 475 2090 impossibilia.

386 2252 579 2301 EXEMPLVM
598 2252 873 2303 OBOEDIENTIAE.

247 2349 406 2569 Qun
442 2408 558 2467 devota
592 2408 751 2484 quaedam
788 2406 945 2483 priorissa
976 2406 1045 2469 inrs

379 2504 493 2564 ordine
528 2504 725 2581 regularium
758 2504 897 2579 quodam
929 2513 1009 2564 tem·

248 2619 331 2679 pore
361 2620 400 2662 ex
430 2602 576 2663 febribus
597 2603 692 2662 valde
721 2602 859 2662 infirma.
902 2601 1009 2662 Cuius

248 2700 418 2760 doloribus
429 2700 783 2760 unaiuvenculasoror
794 2699 1009 2775 compatiens:

247 2797 349 2859 etiam
371 2798 522 2858 lacrimas
552 2798 643 2858 ludit.
686 2797 781 2874 Quae
810 2806 938 2857 secrete
963 2796 1009 2855 in-

247 2894 349 2957 travit
369 2896 504 2955 chorum
530 2904 744 2971 prosternens
774 2911 811 2954 se
839 2904 914 2953 ante
936 2893 1046 2952 reli-ao

248 2992 347 3070 quias
368 3003 554 3052 sanctorum
578 3009 676 3052 orans
698 2992 828 3067 obnixe,
851 3001 885 3051 ut
907 2999 1010 3050 mater

247 3091 513 3152 convalesceret:
535 3100 567 3151 et
582 3090 652 3166 ipsa
667 3107 725 3166 pro
749 3107 786 3149 ea
801 3089 1009 3150 febricitaret.

249 3190 290 3249 Et
313 3188 420 3248 statim
444 3188 563 3248 lactum
586 3198 636 3247 est
658 3187 711 3247 ita.
755 3188 837 3247 Nam
864 3188 1009 3248 oratione

248 3284 413 3362 completa
435 3286 608 3346 iuvencula
630 3285 737 3361 coepit
765 3295 949 3362 aegrotare:
978 3296 1010 3346 et

247 3383 409 3462 priorissa
431 3384 545 3443 eodem
575 3382 627 3443 die
650 3392 682 3443 et
710 3382 867 3459 deinceps
897 3401 1046 3444 recon-as

247 3482 362 3543 valuit.
411 3481 559 3542 Audiens
589 3490 697 3541 autern
730 3491 832 3541 mater
862 3482 1011 3558 piissima

247 3580 459 3641 iuvenculam
476 3579 650 3640 infirmari:
672 3580 802 3641 vocavit
820 3598 889 3640 earn
914 3598 1010 3657 quae-

248 3695 329 3739 rens
351 3678 390 3738 ab
413 3695 452 3738 ea
474 3678 550 3755 quid
572 3677 696 3753 egisset
719 3688 773 3737 aut
803 3678 1009 3738 comedisset.

248 3776 347 3853 Quae
369 3776 546 3852 respondit.
579 3775 669 3836 Nihil
687 3776 762 3835 mali
779 3776 916 3836 comedi.
946 3775 1010 3835 Sed

614 3881 653 3923 175
