2692 4659
274 661 1037 717 emmeanrensxxvfflrazorosaresoreso

277 808 311 857 et
341 795 528 870 dissolutis,
557 805 589 855 et
617 796 707 855 tarde
729 794 954 870 venientibus3
981 794 1035 871 qui

277 894 371 970 vagis
391 893 497 954 oculis
513 893 654 968 parietes
677 892 855 968 aspiciunt:
878 903 909 952 et
925 892 1037 952 dulces

278 993 425 1068 psalmos
447 1009 513 1051 non
536 993 717 1052 advertunt.
748 992 816 1051 Vae
833 990 887 1067 qui
904 990 944 1050 de
965 990 1038 1050 cibo

280 1099 312 1150 et
335 1099 413 1166 potu
444 1089 634 1164 frequenter
656 1088 813 1165 cogitant:
843 1089 936 1149 etde
963 1105 1038 1164 poe-

280 1185 333 1245 nis
356 1185 538 1245 animarum
562 1184 595 1243 in
617 1184 802 1261 purgatorio
825 1201 938 1260 parurn
961 1203 1060 1261 pen-5

282 1292 355 1343 sant
377 1292 410 1342 et
433 1300 506 1342 raro
527 1283 664 1358 plorant.
701 1282 735 1343 Si
758 1282 833 1359 quis
855 1283 898 1342 ibi
922 1283 1039 1343 luisset

281 1399 340 1457 per
366 1383 479 1440 horam
509 1398 687 1457 numquam
718 1382 854 1441 sentiret
883 1382 915 1441 in
938 1384 1038 1441 choro

281 1479 442 1555 taedium;
464 1496 524 1539 nec
540 1478 574 1537 in
590 1479 713 1539 ieiunio
729 1479 906 1539 tristitiam:
929 1496 989 1539 nec
1005 1473 1038 1539 i'n

282 1577 394 1636 labore
403 1576 624 1652 gravedinem.
652 1577 822 1637 Benedicti
839 1594 954 1637 omnes
966 1578 1039 1637 reli-

283 1674 365 1750 giosi
390 1682 422 1733 et
437 1674 545 1734 devoti
567 1674 654 1733 servi
672 1674 744 1749 Dei,
766 1675 890 1733 alacres
910 1674 942 1733 in
959 1675 1039 1734 divi·
1050 1690 1075 1730 ιο

283 1772 355 1847 nis,
385 1772 523 1832 studiosi
554 1772 703 1832 inlibris
731 1773 879 1849 legendis
908 1782 939 1831 et
961 1772 1040 1832 scri-

283 1870 419 1946 bendis3
447 1870 502 1947 qui
535 1888 571 1931 se
603 1881 635 1931 et
666 1871 748 1931 alios
780 1881 993 1947 compescunt
1022 1887 1040 1929 a

285 1967 395 2027 verbis
411 1968 555 2028 levibus:
572 1979 604 2028 et
616 1968 755 2029 fideliter
766 1978 858 2029 orant
873 1985 931 2044 pro
941 1968 1039 2027 bene-

286 2066 463 2127 factoribus
492 2067 562 2127 suis
591 2077 623 2127 et
645 2067 798 2127 omnibus
826 2065 986 2126 tribulatis
1008 2075 1040 2125 et

284 2164 466 2241 temptatis;
482 2181 619 2240 quorum
643 2182 781 2241 magnus
801 2174 851 2224 est
865 2179 1075 2223 numerus:1⁵

286 2261 355 2320 Deo
372 2260 492 2319 melius
508 2277 604 2336 quarn
621 2260 810 2320 hominibus
826 2270 932 2321 notus.
959 2261 1039 2338 Qui-

285 2375 430 2435 cumque
459 2374 535 2434 ergo
557 2367 668 2434 gratus
691 2367 723 2418 et
745 2357 850 2418 lidelis
881 2359 978 2419 luerit
1006 2359 1038 2418 in

285 2455 423 2516 modicis
455 2464 488 2515 et
519 2455 749 2532 praesentibus
780 2455 891 2515 donis:
923 2457 1040 2533 dignus

286 2553 345 2614 erit
375 2553 534 2628 ampliora
563 2553 711 2629 recipere
734 2570 752 2611 a
775 2553 845 2612 Deo
874 2552 907 2611 in
931 2553 1039 2613 caelis.

288 2650 320 2709 ln
330 2651 442 2711 divino
453 2650 562 2711 officio
575 2650 916 2727 neglegenteraliquid
927 2668 1023 2727 agere
1032 2670 1039 2711 :
1048 2668 1076 2710 20

288 2746 420 2824 impune
449 2766 515 2808 non
545 2748 614 2809 ibit.
651 2748 776 2809 Cavete
805 2757 837 2808 et
858 2748 970 2808 timete
998 2766 1039 2808 ne

289 2844 521 2923 eleemosynae
557 2847 699 2905 clament
734 2855 847 2905 contra
874 2863 934 2905 vos
965 2847 1040 2922 quia

290 2944 368 3003 male
384 2952 461 3003 sunt
476 2959 657 3018 expensae:
673 2953 705 3002 et
715 2944 815 3002 horae
830 2943 1041 3019 neglegenter

292 3041 416 3117 saepius
445 3043 548 3102 lectae
579 3050 610 3100 et
639 3041 834 3115 persolutae.
871 3039 1040 3116 Aquibus

294 3138 379 3197 malis
396 3139 490 3198 Iesus
507 3138 663 3199 Christus
686 3155 746 3197 nos
769 3138 902 3213 liberet3
924 3156 1039 3198 omnes
1049 3159 1077 3200 25

296 3234 428 3295 offensas
457 3236 551 3296 nobis
580 3236 734 3295 dimittat:
764 3247 795 3295 et
821 3237 860 3295 ad
887 3235 1041 3295 caelestia

298 3346 384 3407 regna
405 3343 478 3409 post
503 3333 602 3392 huius
625 3332 710 3392 vitae
733 3333 878 3408 pericula
901 3332 1040 3391 feliciter

299 3430 448 3497 perducat.
485 3430 602 3491 Arnen.

635 3596 690 3651 33

328 3821 555 3883 Tlomaeampera.
565 3828 603 3871 vl.
639 3828 681 3869 289
