2692 4659
311 683 473 736 &mm
490 680 558 724 vnn
574 680 737 723 troewrors
753 680 890 723 vrnonns
909 681 1075 734 mm

312 814 455 892 vigiliam
479 815 518 874 ob
535 814 700 875 miseriam
717 814 817 891 patris
840 815 891 875 sui
914 832 982 876 non
998 815 1072 876 sine

312 911 401 988 gravi
431 929 579 972 maerore
611 911 774 972 recordari
797 921 931 989 poterat.
965 912 1074 975 Aesti-

313 1009 412 1070 mavit
440 1010 527 1070 enirn
557 1010 662 1070 hostis
692 1010 826 1070 dolosus
855 1012 1012 1087 grandem
1037 1030 1073 1072 se

312 1106 436 1167 cladem
448 1106 564 1183 virgini
581 1107 750 1168 intulisse:
767 1108 794 1167 si
812 1125 911 1185 super
921 1110 1070 1170 dolorem

289 1205 485 1266 svulnerum
508 1205 580 1265 eius
601 1206 748 1265 dolorem
778 1206 858 1282 patri
888 1206 961 1266 eius
984 1207 1073 1267 addi·

312 1302 424 1363 disset.
447 1303 511 1363 Sed
523 1302 691 1363 adiuto'rin
704 1303 968 1365 tribulationibus
980 1306 1073 1366 Deus

311 1417 348 1459 ac
371 1400 585 1460 maerentium
608 1400 803 1476 consolator,
824 1401 856 1461 in
876 1402 969 1462 brevi
992 1412 1073 1463 tern-

311 1515 390 1574 pore
406 1498 548 1558 laborem
564 1497 665 1574 patris
681 1499 840 1560 convertit
856 1499 888 1559 in
905 1500 1073 1577 requiem3

312 1612 493 1655 maerorem
510 1595 542 1655 in
553 1595 725 1671 gaudium:
740 1595 882 1672 inopiam
894 1596 928 1655 in
940 1596 1073 1658 divitias

278 1694 481 1754 iocaelestes
505 1693 588 1753 Nam
605 1710 663 1770 per
678 1694 804 1753 beatam
817 1692 978 1770 virginem
995 1712 1072 1756 con-

312 1792 452 1852 solatus:
476 1792 562 1851 felici
578 1809 615 1851 ac
631 1791 730 1851 celeri
748 1791 812 1851 tine
828 1791 868 1851 de
884 1791 984 1852 huius
999 1811 1072 1854 sae·

312 1890 375 1950 culi
396 1890 563 1950 aerumnis
579 1901 611 1950 et
626 1890 744 1950 diaboli
761 1889 844 1949 dolis
860 1898 911 1949 est
926 1901 1072 1966 ereptus.

338 2095 394 2154 DE
417 2092 551 2156 OBITV
578 2093 731 2155 PATRIS
755 2094 851 2155 EIVS
875 2094 920 2154 IN
947 2095 1051 2158 PRO·

340 2191 474 2254 FESTO
507 2190 841 2254 CONCEPTIONIS
874 2191 1050 2254 ΒΕΑΤΑΕ

279 2312 303 2351 rs
488 2287 660 2349 MARIAE
682 2288 892 2351 VlRGlNlS.

544 2437 751 2487 CAPITVLVM
770 2438 839 2487 xlll.

312 2518 489 2735 &Nm
505 2592 627 2651 paucos
641 2575 712 2634 dies
723 2575 949 2650 conceptionis
960 2578 1076 2640 beatae

447 2672 570 2732 Mariae
585 2671 739 2748 virginis:
762 2673 938 2748 praescivit
956 2676 1076 2737 devota

312 2771 403 2847 virgo
434 2770 524 2830 Lidia
555 2770 620 2830 iilia
650 2770 755 2845 Petri,
787 2788 827 2831 ex
859 2772 921 2831 hoc
950 2773 1075 2833 mundo

276 2880 436 2944 aopatrem
459 2885 556 2928 suurn
573 2868 797 2944 migraturum.
831 2868 969 2929 Dicebat
984 2888 1075 2930 narn·

313 2983 376 3043 que
408 2983 444 3025 se
475 2983 493 3024 a
524 2975 614 3041 patre
645 2983 706 3026 suo
738 2966 899 3026 secretius
931 2968 1076 3043 audisse,

313 3064 399 3141 quod
421 3064 514 3123 beata
535 3064 627 3140 virgo
645 3064 749 3123 Maria
772 3063 889 3123 foedus
907 3065 1076 3126 societatis

313 3179 386 3221 curn
411 3178 449 3221 eo
472 3161 604 3222 inierat:
627 3172 723 3238 atque
745 3162 964 3238 spopondisse
986 3166 1073 3240 quod

313 3277 388 3320 earn
411 3260 497 3319 circa
519 3261 602 3319 hanc
623 3259 833 3320 festivitatem
850 3260 889 3319 de
905 3262 1073 3336 praesenti

276 3358 445 3419 assaeculo
467 3369 608 3417 vocaret.
640 3357 737 3434 Quod
762 3368 793 3418 et
815 3358 859 3418 ita
882 3357 1077 3421 factumest

313 3456 397 3517 sicut
426 3455 593 3532 praedixit.
639 3455 850 3516 Praemonuit
877 3472 955 3532 ergo
984 3456 1076 3535 virgo

313 3553 503 3614 fidelissima
523 3552 690 3613 dominum
709 3554 887 3613 Iohannem
904 3556 1076 3632 presbyte-

312 3670 383 3713 rurn
404 3652 459 3729 qui
475 3652 513 3711 ad
530 3668 601 3710 eam
618 3650 747 3710 consilii
763 3650 865 3728 gratia
880 3651 1076 3731 advenerat3

314 3761 348 3810 ut
377 3750 491 3809 eodem
522 3748 574 3807 die
605 3748 643 3807 ad
670 3749 778 3808 locum
806 3749 839 3808 in
867 3747 1079 3813 Ouderschie

671 3853 712 3894 aas
