2692 4659
424 1349 771 1432 ADNOTATIO
802 1351 1053 1433 CRITICA.

400 1671 499 1748 Signo
522 1672 797 1749 interrogationis,
819 1673 906 1748 quod
921 1671 1110 1732 lectionibus

359 1752 481 1812 codicis
503 1754 535 1811 N
542 1759 555 1812 l
588 1753 752 1813 interdum
775 1752 929 1829 adposui,
958 1770 1025 1812 non
1053 1762 1111 1812 tan

358 1832 532 1892 lectionem
556 1850 631 1893 esse
651 1833 820 1909 incertam,
842 1850 939 1909 quam
954 1832 1022 1892 illis
1038 1831 1111 1891 locis

358 1912 439 1972 nihil
472 1913 711 1990 discrepantiae
743 1914 776 1974 in
813 1913 914 1973 scidis
950 1912 1035 1973 meis
1065 1912 1111 1972 ad-

358 2002 503 2053 notatum
519 2012 595 2054 esse
609 1994 817 2071 -siquidem
834 1993 941 2053 omnis
957 1992 1112 2053 esilentio

358 2075 527 2134 conclusio
549 2075 658 2151 aliquo
680 2075 777 2135 modo
800 2073 923 2134 lubrica
945 2084 997 2134 est
1013 2108 1053 2115 —-
1073 2074 1112 2132 le-

357 2164 472 2230 gentes
495 2173 630 2215 monere
652 2155 751 2215 volui.
795 2154 861 2231 Qui
883 2171 926 2214 ne
948 2154 1113 2227 mirentur,

358 2235 444 2310 quod
467 2236 600 2296 omnino
616 2236 765 2296 codicum
781 2235 830 2294 Nl
848 2233 921 2295 Oet
936 2234 1112 2295 editionum

358 2315 612 2376 PrNorAsc¹S
633 2316 791 2376 lectiones
813 2314 1057 2390 adscripserim,
1085 2313 1112 2374 id

359 2395 479 2454 fecisse
510 2414 563 2455 me
597 2396 702 2456 sciant
737 2413 802 2455 non
838 2396 945 2455 solum
977 2396 1017 2455 ad
1049 2410 1112 2454 rem

358 2475 584 2535 dilucidiorem
608 2477 807 2551 faciendam,
835 2476 894 2536 sed
919 2475 1017 2535 etiam
1040 2492 1113 2552 quo·

359 2555 530 2616 dammodo
566 2566 812 2633 praeparantem
844 2565 966 2616 rectam
1005 2571 1112 2616 eorum

358 2636 635 2712 aestimationem,
664 2638 703 2696 ad
732 2654 815 2713 quae
845 2636 878 2696 in
903 2635 1113 2696 conficiendis

358 2716 494 2793 reliquis
505 2718 728 2777 voluminibus
744 2716 952 2793 autographis
964 2716 1113 2777 deficien-

357 2797 444 2857 tibus
466 2815 564 2874 saepe
587 2798 682 2857 nobis
705 2798 940 2857 recurrendum
964 2797 1017 2857 sit.

397 2881 500 2952 6,1-7
529 2879 697 2938 Numerus
725 2877 925 2937 undenarius
952 2878 1112 2952 perhanc

357 2958 558 3033 provinciam
582 2959 773 3018 Rhenanam
802 2957 996 3034 praesertim
1020 2956 1113 3018 Colo·

357 3037 441 3113 niae,
463 3038 616 3115 incapite
633 3039 715 3114 eiuS,
733 3038 952 3099 Saturnalium
969 3048 1112 3114 tempore

358 3119 544 3178 etiamnunc
567 3119 884 3179 conclamatissimus
909 3136 927 3177 a
949 3116 1112 3178 Rhenanis

359 3210 390 3258 et
412 3200 544 3258 Batavis
560 3202 731 3276 fatuorum
751 3215 901 3259 numerus
923 3198 988 3276 (clf
1005 3199 1049 3258 ist
1067 3197 1113 3257 die

359 3278 573 3355 Geclcenzahl)
583 3281 710 3340 dicitur.
725 3280 852 3340 Etenim
862 3279 1005 3339 maiores
1015 3274 1110 3338 nostri

357 3361 396 3419 ab
418 3361 484 3437 clf,
514 3360 565 3419 cui
596 3361 667 3420 voci
691 3377 773 3420 aevo
798 3360 906 3420 medio
929 3360 1020 3419 notio
1043 3358 1111 3418 sub·

358 3441 441 3501 iecta
464 3452 532 3501 erat
548 3442 649 3518 futui,
671 3441 775 3510 stulti,
798 3440 924 3510 insani,
954 3440 1042 3500 unde
1064 3438 1109 3497 ad·

358 3521 512 3582 iectivum
544 3522 663 3581 elbisch
694 3522 714 3581 i.
747 3539 775 3581 e.
807 3526 911 3580 mente
941 3521 1108 3584 alienatos,

399 3749 407 3774 ¹
422 3748 446 3789 ln
462 3749 490 3791 Pr
503 3748 547 3789 Nor
560 3750 603 3791 Asc
617 3749 666 3791 Vita
683 3749 800 3802 Lidewlgis
815 3749 886 3791 deest.

714 3839 755 3882 494
