2692 4659
358 692 519 744 &baffi
547 691 710 735 sermones
726 693 765 734 no
782 692 932 736 vovrcros
958 696 1123 748 ww

360 826 406 887 dit
435 827 467 886 in
493 843 609 887 somno
631 828 845 887 reverendam
869 827 1035 888 dominam
1060 829 1119 888 sibi

360 924 586 984 assistentem:
609 933 642 983 et
663 925 744 984 haec
760 925 859 983 verba
874 924 1051 986 dicentem.
1088 927 1120 988 Si

361 1022 412 1081 vis
427 1021 583 1081 dormire:
599 1039 697 1098 surge
713 1022 789 1082 binc
805 1031 837 1082 et
851 1024 932 1083 vade
948 1025 987 1084 ad
1000 1026 1121 1085 lectum

361 1131 463 1180 tuum.
495 1119 569 1179 Non
592 1120 680 1180 enim
704 1122 796 1181 locus
816 1121 878 1181 iste
895 1121 1000 1181 lactus
1017 1132 1067 1183 est
1082 1122 1121 1183 ad

338 1216 606 1278 sdormiendum:
628 1219 687 1278 sed
709 1218 748 1278 ad
764 1218 963 1295 vigilandum
980 1231 1013 1281 et
1029 1238 1121 1280 oran·

361 1316 437 1374 dum
469 1314 501 1374 in
532 1332 581 1375 eo.
624 1314 690 1393 Qui
719 1333 758 1375 ex
781 1315 908 1376 visione
930 1319 1122 1393 pavefactus

361 1412 468 1472 statim
492 1413 651 1473 surrexit:
673 1423 706 1473 et
728 1413 921 1489 culpabilem
945 1433 981 1475 se
1004 1434 1122 1493 cogno-

361 1528 459 1570 scens
479 1510 551 1571 aliis
573 1512 612 1571 ad
635 1512 793 1572 cautelam
817 1512 1058 1574 emendationis
1080 1532 1121 1574 ne

362 1608 395 1668 in
424 1610 520 1669 domo
550 1609 706 1670 orationis
731 1610 943 1671 dormitarent
965 1612 1028 1672 ista
1050 1631 1120 1672 nar·

327 1707 453 1768 roravit.

682 1821 799 1870 ALIVD.

362 1897 573 2115 Ἐπωπεῖ
594 1960 752 2033 quaedam
769 1958 963 2017 muliercula
981 1958 1123 2036 diligens

369 2046 385 2105 i
492 2072 575 2131 quae
599 2055 658 2114 Dei
686 2064 778 2130 sunt,
805 2055 995 2131 frequenter
1017 2057 1123 2115 eccle·

362 2150 442 2210 siam
474 2152 639 2212 visitabat:
668 2163 700 2213 et
729 2155 864 2213 verbum
889 2153 950 2213 Dei
981 2153 1123 2214 libenter

328 2267 352 2306 rs
362 2250 550 2326 praedicare
572 2250 732 2311 audiebat.
775 2252 924 2328 Quadam
948 2267 1026 2325 ergo
1049 2250 1122 2310 vice

362 2347 402 2406 de
425 2346 566 2406 ecclesia
588 2346 742 2407 veniens:
766 2348 962 2423 interrogata
977 2357 1028 2406 est
1044 2347 1122 2424 quid

362 2443 438 2503 boni
462 2445 501 2503 de
523 2461 677 2505 sermone
700 2445 899 2506 retinuisset.
933 2445 1029 2521 Quae
1052 2445 1124 2504 bre-

363 2542 446 2602 viter
468 2543 672 2618 respondens
688 2543 740 2604 ait.
773 2545 895 2604 Nescio
910 2544 1005 2604 vobis
1022 2546 1125 2605 multa

363 2640 489 2700 dicere:
518 2639 576 2699 sed
606 2641 667 2700 hoc
696 2642 781 2702 bene
805 2641 912 2703 audivi
936 2652 968 2702 et
991 2643 1124 2718 retinui,

326 2736 448 2813 zoquod
478 2738 518 2797 de
546 2747 655 2796 cetero
685 2739 760 2797 nolo
786 2756 931 2814 peccare.
975 2740 1070 2800 Bene
1093 2751 1124 2800 et

363 2836 540 2913 prudenter
561 2836 746 2911 respondit:
773 2854 856 2913 quae
879 2836 1022 2897 fructum
1046 2839 1122 2898 boni

363 2933 526 2994 sermonis
541 2951 653 2993 secum
671 2934 819 3010 portavit,
834 2952 876 2994 ne
891 2935 1035 3011 amplius
1051 2955 1124 3013 pec-

363 3042 460 3091 caret.
488 3030 583 3092 Vnde
599 3031 747 3092 Salvator
768 3043 880 3092 noster
902 3032 935 3091 in
952 3036 1124 3112 evangelio

363 3127 498 3187 devotae
528 3128 655 3188 mulieri
686 3128 739 3189 ait.
783 3130 874 3189 Beati
904 3131 959 3207 qui
987 3133 1126 3193 audiunt

326 3228 498 3287 asverbum
522 3226 599 3287 Dei:
622 3237 654 3287 et
676 3227 863 3288 custodiunt
885 3227 975 3288 illud.

424 3394 571 3456 Expliciunt
588 3408 724 3443 sermones
742 3395 773 3442 ad
792 3395 911 3443 novicios
929 3397 1068 3457 regulares

701 3590 782 3645 823
