2692 4659
307 681 469 733 mm
497 679 659 723 SERMONES
675 680 715 723 Al)
732 681 881 724 NOVlClOS
904 683 1068 737 2&qu

310 831 426 890 purum
450 824 481 875 et
503 814 667 890 quietum,
696 815 847 876 excludat
868 834 887 875 a
908 833 945 876 se
966 834 1068 878 omne

310 923 476 973 terrenum
506 913 712 972 commodum
745 921 777 973 et
806 914 984 973 humanum
1014 932 1067 974 so-

310 1009 439 1071 lacium.
482 1009 558 1071 Cito
583 1027 724 1087 namque
749 1011 895 1086 perditur
923 1012 1067 1073 caeleste

310 1108 510 1169 desiderium
539 1107 573 1167 in
602 1107 734 1169 silentio
758 1108 971 1185 acquisitum:
1000 1109 1065 1169 nisi

287 1205 409 1266 sfuerit
431 1223 506 1266 curn
529 1206 616 1267 omni
641 1206 809 1283 diligentia
836 1208 875 1267 ab
900 1209 1066 1269 extraneis

311 1304 497 1364 rumoribus
519 1305 727 1366 custoditum.

351 1401 557 1463 Coenobium
575 1405 809 1463 monachorum
829 1413 878 1464 est
900 1404 986 1464 sicut
1003 1406 1066 1464 sal·

310 1517 383 1559 sunr
416 1517 524 1577 mare,
557 1502 643 1577 quod
675 1518 811 1577 corpora
842 1512 969 1562 mortua
999 1519 1065 1563 non

311 1605 417 1673 potest
439 1598 472 1657 in
494 1615 531 1657 se
554 1597 713 1674 retinere3
735 1599 793 1658 sed
809 1598 917 1659 statim
933 1600 972 1660 ad
988 1600 1066 1661 litus

276 1717 302 1758 ro
312 1696 439 1772 putrida
454 1695 580 1772 proicit,
595 1713 675 1755 sana
690 1713 768 1756 vero
785 1705 817 1756 et
826 1696 935 1756 vivida
950 1697 1067 1758 nutrit:

311 1803 408 1871 atque
430 1795 469 1854 ad
491 1794 731 1855 incrementum
747 1795 942 1871 producenS,
965 1794 1067 1855 nitida

311 1892 513 1953 intuentibus
545 1891 659 1952 reddit.
711 1891 833 1953 Scitote
869 1909 945 1968 ergo
979 1894 1066 1968 quod

312 1991 410 2050 homo
432 1990 571 2050 carnalis
587 1990 648 2049 sub
664 1989 720 2049 vili
743 2006 850 2065 panno
873 1990 988 2065 latens,
1010 1990 1067 2051 diu

311 2106 348 2149 se
371 2088 493 2166 lingere
509 2104 580 2148 non
603 2097 726 2163 potest:
749 2088 808 2147 sed
824 2096 878 2147 aut
900 2087 932 2146 in
956 2104 993 2147 se
1008 2105 1068 2164 per

278 2208 302 2249 ts
311 2197 457 2263 teporem
481 2186 590 2247 delicit
612 2197 644 2247 et
666 2205 685 2246 a
703 2188 832 2247 fervore
854 2186 990 2261 arescit3
1012 2196 1069 2246 aut

312 2284 375 2344 cito
404 2283 544 2359 recedit,
575 2294 629 2344 aut
660 2284 816 2344 recedere
847 2283 980 2361 cogitat:
1012 2294 1070 2344 aut

312 2398 387 2441 curn
410 2398 578 2441 murmure
600 2399 754 2456 manens,
784 2381 942 2441 foetorem
967 2382 1007 2441 de
1030 2399 1069 2442 se

312 2496 487 2558 perversae
502 2480 640 2540 actionis
656 2479 808 2540 ostendit.
837 2479 875 2539 Et
892 2479 968 2555 quia
982 2478 1069 2539 levis

313 2587 363 2638 est
385 2578 483 2637 corde
506 2586 537 2636 et
560 2576 740 2637 dissolutus
763 2592 836 2649 ore,
864 2575 945 2635 alios
968 2593 1069 2652 saepe

276 2698 303 2739 ao
313 2675 454 2751 deridet3
469 2674 546 2751 quia
560 2673 723 2749 superbus
739 2682 771 2732 et
785 2672 975 2732 iracundus:
991 2690 1070 2733 con-

312 2774 476 2835 tentiones
498 2772 584 2832 inter
605 2769 759 2846 pacilicos
782 2778 907 2843 nrovet,
936 2777 968 2828 et
990 2769 1069 2829 sirn-

311 2872 415 2949 plices
424 2879 564 2931 accusat.
577 2869 614 2929 Et
623 2868 776 2944 quoniam
786 2867 927 2927 radicem
937 2867 1070 2927 humili·

312 2969 387 3030 tatis
418 2985 484 3028 non
515 2966 631 3041 habet,
665 2974 697 3025 et
728 2964 838 3041 spinas
869 2963 1071 3025 carnalitatis

313 3068 457 3128 evellere
486 3064 643 3142 neglegit:
675 3062 796 3124 idcirco
825 3061 939 3121 dulces
968 3061 1070 3124 flores

276 3162 470 3231 zscastitatis
499 3179 573 3222 cunr
597 3161 758 3221 fructibus
787 3160 1013 3221 oboedientiae
1036 3174 1070 3224 et

313 3262 456 3324 caritatis
477 3261 611 3338 gignere
633 3275 699 3318 non
721 3258 816 3318 valet.

355 3357 657 3436 incongregatione
678 3356 869 3415 devotorunr
890 3356 1072 3431 probantur

313 3459 411 3519 corda
432 3459 619 3530 multorum,
638 3463 801 3529 tamquam
824 3469 938 3512 aurunt
956 3452 988 3512 in
1006 3455 1071 3515 lor-

313 3573 394 3616 nace
416 3553 558 3615 ardenti:
581 3561 689 3612 utrum
711 3549 874 3610 desideria
891 3568 1006 3611 eorum
1029 3571 1071 3615 ex

277 3654 385 3713 soDeo
415 3652 496 3726 sint,
525 3667 566 3710 an
595 3665 635 3708 ex
663 3665 761 3709 carne
790 3658 956 3724 concepta.
1003 3651 1070 3728 Qui

314 3750 401 3810 eninr
424 3748 591 3824 proprium
614 3746 821 3807 commodum
844 3758 1016 3825 quaerunt,
1039 3761 1072 3811 et

679 3852 703 3892 12
