2692 4659
351 685 512 739 mm*
543 684 705 728 sennours
721 685 761 728 no
777 684 925 728 uovrcros
950 680 1115 738 [emsa

354 817 481 878 devotis
496 818 771 892 meditationibus,
786 818 819 878 in
835 819 966 879 silentio
978 828 1010 879 et
1026 819 1114 878 labo·

352 916 459 976 ribus:
489 917 522 977 in
544 916 827 977 abrenuntiatione
851 925 1057 976 terrenorum
1082 927 1114 976 et

352 1013 602 1074 mortificatione
624 1014 789 1089 vitiorum,
812 1013 1017 1091 negleximus
1040 1031 1113 1090 per-

354 1112 438 1171 fecte
469 1112 598 1171 imitari.
651 1111 793 1187 Ideoque
827 1111 889 1187 ipsi
921 1112 1114 1172 exultabunt

328 1207 385 1269 sin
408 1226 523 1286 magna
550 1209 653 1286 gloria
681 1226 789 1269 coram
814 1209 884 1268 Deo
914 1218 945 1267 et
969 1208 1113 1285 angelis:

352 1318 384 1367 et
406 1324 466 1367 nos
488 1306 618 1366 confusi
641 1306 800 1366 stabimus
822 1315 954 1382 propter
976 1304 1113 1366 delicias

352 1421 433 1480 quas
455 1405 594 1464 libenter
615 1404 868 1480 acceptavimus

265 1519 341 1579 virgi·
393 1502 603 1563 Accusabunt
623 1519 683 1561 nos
705 1513 837 1563 sanctae
852 1500 996 1578 virgines
1019 1519 1113 1562 sanc·

280 1605 326 1638 nes
351 1609 403 1659 tae
431 1600 549 1659 viduae
580 1608 612 1659 et
643 1616 759 1658 omnes
788 1599 880 1676 pueri
912 1608 944 1659 et
971 1601 1113 1675 puellae,

318 1697 539 1774 ropudicitiam
560 1698 629 1757 Deo
652 1698 823 1757 amabilem
847 1705 1036 1756 constanter
1057 1698 1112 1757 ob·

352 1804 538 1870 servantes3
560 1813 644 1872 quae
666 1795 742 1855 licet
763 1812 844 1854 sexu
868 1804 899 1855 et
921 1805 1026 1856 aetate
1049 1796 1111 1856 fra-

351 1892 434 1969 giles
463 1904 591 1954 essent:
622 1902 731 1953 tamen
754 1911 813 1970 per
841 1895 921 1953 dura
949 1903 1112 1955 tormenta

353 1991 390 2050 ab
413 2008 523 2050 amore
546 2001 578 2051 et
602 1991 665 2051 lide
695 1992 847 2051 caelestis
869 1992 988 2067 Sponsi
1018 2010 1111 2069 sepa·

353 2088 414 2147 rari
439 2106 503 2148 non
526 2098 711 2165 potuerunt.
741 2089 810 2149 Nos
833 2106 911 2148 vero
933 2089 1111 2150 difficulter

319 2202 371 2245 rsa
406 2185 561 2261 periculis
597 2196 629 2246 et
664 2186 892 2246 occasionibus
930 2188 1109 2249 camalium

353 2282 504 2342 vitiorum
522 2300 691 2360 cavemus3
706 2287 899 2361 plerumque
914 2285 1016 2346 invite
1030 2287 1110 2347 ieiu-

353 2397 469 2440 namus
485 2390 516 2440 et
532 2381 671 2458 rigorem
688 2383 809 2443 silentii
833 2383 903 2442 laxe
923 2400 1111 2444 servamus:

353 2481 535 2540 clausuram
567 2491 598 2541 et
628 2489 791 2539 secretum
822 2479 923 2540 cellae
952 2498 1010 2556 pro
1033 2498 1112 2558 pace

352 2578 461 2637 cordis
492 2587 523 2637 et
559 2578 808 2637 conservatione
844 2578 1028 2637 devotionis
1065 2579 1112 2639 in·

316 2675 510 2750 aosipienter
531 2676 763 2749 abhorremus3
785 2684 816 2734 et
833 2676 897 2734 heu
922 2674 1113 2750 frequenter

352 2774 553 2833 susurrando
590 2774 718 2833 levibus
753 2773 863 2833 verbis
900 2772 1027 2833 diabolo
1065 2774 1112 2834 in-

352 2870 491 2947 stigante
513 2871 729 2931 offendimus:
759 2870 814 2945 qui
837 2880 950 2930 auctor
971 2880 1022 2930 est
1046 2881 1112 2931 tur-

351 2969 492 3028 bationis
507 2968 645 3027 susurrii
660 2977 691 3027 et
707 2968 858 3028 levitatis.
882 2969 1006 3029 Multae
1022 2986 1112 3028 narn-

352 3082 416 3141 que
439 3083 550 3125 sacrae
573 3066 718 3142 virgines
740 3073 772 3124 et
793 3066 921 3125 nobiles
943 3079 1111 3127 matronae

315 3163 438 3223 asinter
452 3164 575 3223 amicos
590 3174 622 3224 et
637 3172 789 3240 parentes
812 3166 1008 3238 saeculares,
1026 3165 1113 3225 inter

352 3261 481 3321 divitias
497 3271 528 3321 et
544 3263 687 3322 honores
698 3281 716 3322 a
727 3262 855 3323 deliciis
866 3262 1112 3339 abstinuerunt3

352 3357 437 3418 inter
456 3370 686 3435 persecutores
709 3371 740 3421 et
756 3361 931 3433 derisores,
954 3360 1111 3421 castitatis

353 3457 552 3533 propositum
577 3458 704 3518 fortiter
724 3468 916 3518 tenuerunt:
941 3459 1111 3519 clausuras

352 3563 383 3613 et
412 3571 578 3629 carceres,
609 3555 757 3631 vincula,
788 3557 925 3616 verbera
953 3567 986 3617 et
1014 3556 1111 3616 exilia

315 3651 589 3726 aopatientissime
617 3654 806 3714 tolerarunt.
849 3654 936 3731 Quid
967 3672 1045 3731 ergo
1072 3656 1111 3714 ad

351 3749 413 3809 ista
443 3750 610 3825 dicemus,
646 3750 700 3827 qui
733 3751 794 3810 viri
826 3752 973 3811 sumus?
1025 3752 1109 3813 Nam

712 3856 750 3897 rao
