2692 4659
242 689 563 742 &mm
588 689 651 731 llllll
678 691 999 744 Qmfflffi

242 832 379 883 vacaret.
411 823 447 882 In
460 821 514 882 via
528 833 635 883 autem
653 824 859 900 constitutus,
874 825 1000 884 invenit

240 921 403 997 quendam
415 921 574 980 viatorem
589 921 651 981 sibi
667 923 808 982 amicum
823 931 855 982 et
872 932 999 983 notum:

239 1018 293 1095 qui
317 1018 449 1079 diversa
464 1018 534 1078 loca
550 1030 737 1079 sanctorum
753 1030 785 1080 et
802 1020 1000 1081 monasteria

239 1134 274 1176 se
298 1116 452 1177 visitasse
474 1118 650 1178 asserebat.
686 1119 907 1195 Interrogatus
922 1135 999 1195 ergo

237 1215 279 1274 de
302 1214 468 1291 religiosis
496 1215 595 1276 locis:
625 1216 752 1276 dicebat
780 1216 877 1276 etiarn
907 1234 943 1275 se
966 1216 1022 1275 ins

237 1330 335 1372 sacro
357 1311 555 1373 Carthusiae
578 1315 719 1375 claustro
743 1314 856 1374 fuisse.
899 1313 1000 1375 Cum-

236 1428 304 1487 que
327 1410 429 1469 multa
449 1411 535 1470 bona
556 1412 596 1471 de
616 1411 681 1472 situ
704 1411 765 1471 loci
782 1412 871 1472 illius
886 1411 919 1471 in
936 1412 999 1471 alto

237 1517 364 1582 monte,
386 1517 418 1567 et
440 1519 508 1568 arta
522 1509 710 1585 solitudine,
731 1527 768 1569 ac
784 1509 919 1570 fratrum
942 1509 1000 1569 ibi·

236 1606 315 1665 dem
339 1608 553 1667 habitantium
576 1608 684 1684 rigore
706 1608 912 1685 loqueretur:
937 1609 999 1667 hoc

236 1703 372 1763 tandem
395 1705 512 1765 intulit.
556 1705 670 1765 Inveni
694 1705 737 1764 ibi
768 1706 899 1766 fratrem
924 1723 1035 1765 cumro

237 1818 306 1875 quo
328 1800 464 1861 licenter
479 1802 634 1879 loquens:
657 1803 787 1862 curiose
803 1802 998 1879 interrogavi

238 1897 366 1958 dicens.
404 1900 536 1975 Quanto
558 1909 706 1976 tempore
728 1900 781 1959 hic
804 1900 1000 1960 habitastis?

239 1994 309 2071 Qui
332 1995 384 2055 ait.
414 1996 636 2073 Quadraginta
657 1997 733 2056 anni
756 1998 837 2073 lapsi
860 2007 945 2073 sunt,
968 2007 1000 2057 et

238 2091 373 2152 interim
404 2111 470 2153 non
501 2095 567 2155 vidi
599 2094 737 2171 primam
768 2105 910 2171 portam:
941 2112 1000 2171 per

238 2191 456 2266 quamprimo
471 2192 640 2269 ingressus
651 2209 734 2252 sum.
759 2192 908 2253 Audiens
918 2193 998 2253 haec
1011 2216 1035 2256 rs

239 2287 343 2347 irater
378 2290 564 2364 praedictus
595 2290 732 2351 miratus
764 2300 829 2351 est:
863 2301 895 2352 et
927 2291 999 2351 aliis

239 2385 397 2446 fratribus
432 2388 502 2447 suis
538 2388 599 2448 ista
634 2406 692 2464 pro
728 2389 813 2448 bono
849 2390 999 2465 exemplo

238 2482 399 2543 amandae
429 2484 615 2545 solitudinis
644 2486 803 2546 recitavit.
846 2486 875 2547 Ο
902 2503 998 2562 quam

239 2599 350 2641 rarum
374 2593 406 2642 et
427 2582 569 2643 alienum
586 2595 637 2645 est
659 2584 745 2645 istud
768 2584 800 2644 in
818 2584 928 2643 multis
950 2601 999 2644 re·

238 2679 367 2756 ligiosis
389 2681 591 2756 temporibus
613 2682 702 2757 istis3
731 2682 785 2758 qui
809 2699 866 2757 pro
895 2699 1035 2758 poenaao

238 2777 384 2837 carceris
400 2789 603 2854 reputarent:
626 2780 653 2839 si
670 2780 755 2839 infra
772 2797 892 2838 annum
910 2789 1000 2840 extra

238 2886 354 2951 saepta
375 2877 575 2953 monasterii,
601 2878 653 2937 vel
676 2887 766 2937 extra
781 2886 905 2953 portam
928 2895 998 2953 spa·

238 2975 340 3034 tiandi
365 2991 464 3035 causa
485 2975 574 3035 exire
596 2993 662 3035 non
686 2976 851 3035 deberent.

281 3178 338 3238 DE
362 3177 648 3268 CONSTANTIA
676 3177 727 3238 ET
751 3178 958 3239 PERSEVE·

282 3275 448 3336 RANTIA
469 3276 514 3336 lN
536 3275 673 3337 sTnTV
693 3274 958 3337 RELIGIONIS.
1008 3300 1034 3340 25

510 3425 629 3475 SERMO
648 3425 731 3473 xllll.

242 3501 529 3720 &Damoetas
550 3567 668 3622 estote:
689 3567 722 3621 et
740 3560 887 3621 videbitis
909 3561 998 3619 auxi-

243 3658 253 3690 “·
374 3660 455 3719 lium
484 3660 615 3719 Domini
641 3676 828 3734 supervos.
879 3658 996 3719 Dilecti

242 3756 358 3817 fratres
373 3766 539 3833 gratanter
553 3757 690 3833 accipite
706 3757 840 3817 verbum
859 3756 930 3832 piae
946 3772 999 3815 ex-

607 3864 635 3904 oo
856 3859 885 3901 τ·
