2692 4659
448 676 608 727 amem
636 676 799 718 sermones
814 676 854 717 no
872 676 1022 719 uovrcros
1047 679 1165 731 muna

449 809 507 869 sed
531 809 678 885 fugiatis:
707 828 749 869 ne
778 811 862 886 apud
886 812 991 871 Deum
1022 813 1165 871 mercede

449 909 578 984 plenam
589 925 648 984 pro
660 907 779 967 fabulis
790 908 918 967 stolidis
929 909 1081 985 perdatis.
1112 909 1165 969 Nlu

450 1006 482 1064 in
506 1006 588 1065 facie
611 1005 758 1065 laudant:
787 1016 861 1082 post
889 1016 1014 1082 tergum
1037 1007 1165 1066 vitiam

450 1116 530 1164 rant.
573 1104 638 1181 Qui
668 1105 902 1165 conscientiam
935 1121 1027 1164 suam
1060 1104 1165 1181 inspic

426 1204 609 1262 shumanas
620 1203 733 1262 laudes
743 1220 809 1261 non
821 1203 978 1279 ponderat
993 1220 1053 1261 nec
1069 1202 1165 1262 affect

490 1300 517 1360 Α
540 1300 683 1361 sinistris
699 1317 777 1360 vero
793 1311 920 1377 oportet
935 1300 1031 1360 etiam
1048 1301 1165 1360 cautela

450 1416 597 1474 magnam
629 1399 768 1473 habere3
799 1409 834 1458 ut
864 1416 929 1458 non
960 1398 1136 1458 turbemini

449 1496 502 1556 his
524 1497 579 1573 qui
602 1497 788 1572 vituperant
811 1496 894 1555 facta
915 1504 1035 1571 vestra,
1058 1495 1165 1555 deride

450 1595 500 1669 do,
522 1595 763 1670 proclamando,
785 1603 817 1652 et
838 1592 878 1652 ad
899 1593 994 1669 peius
1009 1594 1094 1653 bona
1109 1594 1165 1653 int«

416 1692 623 1769 ropretando:
655 1709 697 1752 ne
720 1690 928 1768 impatientes
950 1690 1022 1750 sitis
1045 1691 1077 1750 in
1101 1708 1165 1751 cort

406 1777 408 1781 ⁷
450 1800 504 1850 aut
526 1790 606 1849 dure
622 1789 848 1866 respondeatis
864 1789 896 1847 in
913 1806 1011 1865 voce3
1034 1789 1109 1865 quia
1125 1790 1165 1849 for

449 1889 564 1948 volunt
591 1905 651 1947 vos
679 1887 862 1964 obprobriis
890 1887 1043 1963 probare:
1075 1886 1102 1946 si
1129 1905 1165 1947 ve

450 1987 592 2046 humiles
614 1985 695 2045 estis
717 1995 749 2045 et
770 1986 931 2062 patientes
953 1983 986 2044 in
1009 1984 1165 2045 adversis.

490 2082 540 2142 Ab
562 2082 715 2143 anteriori
745 2092 835 2158 parte
864 2091 990 2158 oportet
1011 2099 1071 2141 vos
1102 2099 1164 2141 con

417 2196 440 2235 15
450 2181 563 2240 derare
586 2198 659 2239 cum
683 2180 801 2257 quibus
824 2179 1012 2257 loquimini,
1041 2196 1115 2238 cum
1139 2196 1165 2256 qr

449 2278 510 2347 bus
533 2278 625 2338 statis
643 2288 675 2337 et
690 2277 877 2352 ambulatis;
899 2278 1012 2354 quales
1027 2276 1093 2336 sint
1107 2276 1165 2337 vici

449 2375 549 2435 vestri
573 2385 605 2434 et
626 2375 808 2434 confratres
830 2375 863 2434 in
880 2374 1025 2433 moribus
1048 2374 1081 2433 in
1097 2376 1165 2434 veri

449 2484 481 2533 et
502 2473 629 2532 actibus
651 2471 737 2531 suis:
767 2489 809 2531 ne
839 2472 922 2532 forte
944 2472 1147 2531 seducamini

448 2570 666 2647 inquinemini
690 2571 784 2630 malis
807 2570 966 2646 exemplis
988 2587 1047 2646 per
1068 2569 1165 2630 dissol

411 2668 555 2728 cotiones
577 2678 609 2728 et
637 2668 804 2728 libertates
832 2668 1006 2728 iuvenibus
1028 2667 1122 2727 valde
1153 2685 1165 2727 r

448 2765 547 2824 civas.
592 2766 675 2825 Nam
698 2784 797 2842 saepe
819 2776 893 2843 post
915 2766 1005 2826 iocos
1022 2767 1114 2826 leves
1136 2784 1165 2842 pl

448 2864 578 2923 venitur
609 2865 648 2923 ad
680 2864 783 2924 tristis
813 2863 1033 2924 conscientiae
1060 2864 1165 2923 dolore

449 2962 537 3021 iuxta
565 2962 644 3021 illud
674 2962 884 3038 proverbium
909 2961 1103 3022 Salomonis.
1148 2962 1165 3021 E

448 3069 550 3119 trema
580 3060 687 3136 gaudii
721 3061 828 3120 luctus
864 3070 1015 3135 occupat:
1052 3069 1084 3119 et
1119 3060 1165 3119 ris

411 3157 559 3216 asdolore
595 3157 797 3218 miscebitur.
848 3158 923 3217 Non
959 3156 1085 3216 debetis
1116 3175 1165 3217 om

447 3255 547 3313 verbo
571 3256 722 3316 credere:
755 3272 816 3315 nec
838 3255 976 3315 ulterius
1006 3254 1069 3314 cito
1098 3256 1165 3315 aud:

446 3352 604 3428 proferre.
661 3354 735 3413 Non
772 3353 881 3413 omnia
915 3353 1103 3413 aedificant:
1144 3371 1165 3413 n

447 3449 584 3508 aliorum
621 3461 748 3510 secreta
784 3451 868 3510 scire
905 3450 1043 3526 expedit.
1101 3451 1162 3511 Sae

447 3548 616 3607 mendacia
646 3560 819 3609 narrantur
849 3566 907 3625 pro
938 3548 1043 3609 veris:
1075 3566 1159 3626 quae

410 3666 437 3706 so
447 3645 644 3705 caelestibus
659 3645 833 3704 desideriis
844 3647 1013 3705 retrahunt
1023 3646 1165 3708 audient<

447 3741 617 3801 Abstinete
649 3760 725 3819 ergo
756 3761 775 3802 a
808 3743 903 3820 nugis
932 3754 964 3803 et
991 3744 1090 3820 iociS‚
1121 3764 1165 3823 qu

810 3847 837 3888 74
