2692 4659
238 799 385 874 animae,
420 799 478 858 sed
514 798 552 858 ad
583 798 690 858 maius
725 797 876 858 meritum
913 797 998 857 sicut

238 896 334 956 beato
363 897 418 956 lob
449 897 510 956 sibi
543 896 789 972 infligebantur3
820 906 855 956 ut
885 906 998 971 postea

238 1004 329 1054 tanto
345 994 494 1070 capacior
509 1004 605 1070 atque
621 993 750 1070 dignior
764 1006 852 1056 esset
867 996 906 1055 ad
922 1013 997 1055 con·

238 1092 419 1152 solationes
441 1092 604 1168 angelicas
627 1101 658 1152 et
682 1092 860 1154 caelestes:
877 1103 996 1170 quanto

238 1190 409 1267 angustior
430 1200 461 1250 et
483 1190 659 1250 desolatior
681 1191 806 1251 iacebat
834 1192 867 1251 in
890 1192 1021 1252 terriss

240 1288 364 1348 Habuit
393 1288 491 1364 igitur
520 1288 650 1347 dolores
680 1288 794 1364 capitis
823 1307 921 1365 saepe
943 1307 997 1349 ex·

239 1386 390 1445 cessivos
412 1403 517 1462 usque
540 1387 579 1445 ad
595 1396 751 1462 mortem3
774 1387 904 1447 dolores
920 1387 997 1447 den-

238 1484 321 1545 tium
357 1483 556 1560 multiplices
591 1483 786 1559 saepissime
822 1501 926 1560 usque
958 1485 996 1544 ad

238 1590 396 1642 mortem:
427 1581 535 1641 febres
557 1599 687 1658 quoque
716 1582 863 1641 diversas
892 1599 997 1658 usque

237 1680 279 1740 ad
306 1690 463 1754 mortem3
495 1680 698 1757 hydropisim
732 1683 859 1756 longam
892 1697 997 1756 usque
1010 1697 1034 1737 ro

238 1778 279 1837 ad
302 1788 458 1838 mortem:
481 1777 513 1836 in
537 1788 684 1853 tempore
711 1778 915 1853 pestilentiae
938 1778 998 1838 tria

237 1885 457 1952 apostemata;
488 1875 649 1934 calculum
681 1892 810 1952 quoquc
846 1893 998 1953 pergran-

239 1974 316 2034 dem
346 1983 420 2033 ante
450 1984 603 2034 mortem:
632 1991 707 2034 cum
730 1991 794 2050 quo
824 1985 855 2034 et
884 1975 998 2035 mortis

239 2071 387 2132 debitum
403 2071 510 2131 solvit.
543 2072 632 2132 Haec
656 2073 765 2132 omnia
780 2090 876 2149 quam
900 2073 997 2149 pluri-

238 2170 305 2229 mis
321 2170 415 2230 annis
431 2170 668 2245 patientissime
684 2171 834 2247 pertulit3
855 2180 889 2231 ut
904 2171 997 2247 spiri·
1009 2186 1034 2226 rs

238 2279 294 2328 tus
324 2268 357 2328 in
386 2278 554 2329 aeternum
584 2269 695 2329 salvus
725 2269 833 2329 lieret:
863 2279 894 2328 et
923 2286 996 2328 cum

239 2365 378 2427 Christo
414 2366 447 2426 in
483 2366 622 2442 paradisi
660 2366 787 2426 deliciis
830 2367 997 2427 exultaret.

238 2465 374 2541 Quanto
397 2464 484 2524 enim
507 2464 694 2540 corporales
722 2464 942 2540 aegritudines
964 2465 997 2524 in

237 2580 279 2622 ea
301 2561 523 2621 abundabant:
553 2570 641 2621 tanto
664 2562 768 2621 maior
788 2562 821 2621 in
845 2580 882 2622 ea
905 2563 998 2623 lortis

237 2670 275 2719 ut
304 2677 394 2719 mors
423 2659 554 2719 dilectio
577 2659 638 2719 Dei
671 2669 702 2719 ct
733 2660 871 2735 proximi
902 2674 1033 2737 auge-20

236 2760 344 2818 batur.
388 2758 471 2817 Nam
501 2775 541 2818 ex
570 2757 766 2817 abundantia
797 2757 939 2817 caritatis
966 2768 997 2818 et

237 2855 361 2916 interni
395 2856 534 2915 fervoris
565 2856 804 2930 stimulatione,
839 2873 917 2915 ausa
948 2866 998 2915 est

237 2954 480 3032 quodammodo
504 2954 682 3014 Dominum
704 2970 898 3030 provocare:
921 2971 997 3030 qua-

237 3064 338 3113 tenus
374 3069 475 3128 super
506 3070 576 3112 eam
614 3052 764 3112 miserias
801 3061 832 3111 et
868 3051 997 3111 dolores

238 3149 482 3226 multiplicaret.
525 3150 632 3211 Cuius
668 3167 784 3227 preces
819 3149 1033 3209 exaudiensas

239 3247 422 3323 DominuS,
451 3265 524 3307 cum
548 3248 611 3307 duo
641 3248 776 3308 haberet
798 3256 998 3323 apostemata

237 3346 444 3422 incorpore:
466 3347 596 3407 tertium
619 3347 741 3406 addidit
763 3346 792 3405 ei
809 3346 841 3404 in
858 3344 997 3404 maxilla.

239 3443 394 3521 Denique
430 3444 583 3504 omnibus
618 3443 827 3520 generalibus
863 3441 997 3501 inlirmi·

238 3539 361 3600 tatibus
392 3539 511 3616 quibus
547 3540 699 3599 homines
729 3539 854 3615 gravari
891 3541 998 3598 solent

238 3637 415 3698 laboravit:
445 3655 526 3714 quas
556 3637 694 3697 mirabili
719 3647 750 3697 et
773 3637 916 3697 inaudita
944 3655 1032 3712 paso

238 3735 354 3796 tientia
369 3754 427 3813 pro
444 3754 554 3796 amore
566 3736 692 3797 Christi
709 3752 835 3794 memor
850 3735 995 3794 omnium

596 3840 637 3881 aas
