2692 4659
238 811 390 875 tempore
412 797 543 858 hiemali
566 797 760 873 quibusdam
784 796 897 873 egenis
913 797 998 858 domi

240 895 464 958 residentibus
497 894 684 955 subvenire.
734 893 820 955 Cum
852 910 929 970 ergo
961 911 1000 954 ex

240 994 418 1072 praedictis
460 992 612 1054 carnibus
650 992 796 1053 misisset
830 991 869 1051 ad
904 992 999 1052 xxxvi

241 1095 314 1154 lere
337 1092 451 1152 domos
473 1108 669 1168 egenorum3
691 1107 845 1151 reversus
867 1090 905 1150 ad
928 1107 999 1150 eam

239 1191 395 1265 nuntius,
417 1190 521 1250 aiebat
543 1206 579 1249 se
602 1207 676 1249 cum
699 1188 911 1249 admiratione
933 1197 1024 1248 tan-s

241 1300 311 1351 tum
335 1288 541 1348 distribuisse
564 1297 720 1363 quantum
743 1286 847 1362 primo
869 1285 1000 1346 invase

240 1387 400 1448 sallierat:
416 1396 448 1445 et
458 1385 564 1445 adhuc
579 1402 692 1460 parum
709 1384 903 1444 diminutum
921 1384 1000 1444 lore.

241 1484 350 1545 Simili
382 1483 478 1543 modo
508 1482 548 1542 de
577 1482 658 1558 pisis
689 1482 826 1542 lecerat:
857 1498 940 1557 quae
970 1490 1001 1541 et

240 1581 338 1642 valde
361 1598 473 1657 parum
497 1580 676 1641 minoratae
691 1579 894 1639 videbantur.
925 1579 1000 1656 Quo

241 1679 364 1755 audito,
384 1677 474 1754 virgo
491 1695 638 1754 magnam
656 1677 717 1737 Dei
733 1677 909 1737 bonitatem
926 1693 1001 1736 eon·
1013 1699 1037 1739 ro

240 1778 402 1851 siderans‚
424 1786 456 1837 et
477 1776 596 1852 gratias
617 1793 717 1852 agens
740 1775 872 1835 caelesti
895 1774 1001 1851 provi-

240 1874 308 1935 sori
333 1890 409 1934 suo:
432 1873 475 1933 ait
496 1874 620 1934 nuntio.
657 1873 686 1934 Ο
709 1890 805 1949 quam
823 1890 937 1948 magna
952 1882 1002 1932 est

243 1971 390 2049 potentia
405 1971 537 2031 Domini
554 1972 615 2031 Dei
638 1971 759 2031 nostri:
782 1989 800 2031 o
823 1988 919 2047 quam
935 1986 1002 2029 me-

242 2070 304 2130 rito
321 2069 461 2129 libenter
474 2069 672 2145 pauperibus
686 2069 914 2145 eleemosynas
925 2067 1001 2127 dare

243 2168 450 2228 deberemus.
478 2166 528 2225 De
543 2166 718 2242 praedictis
729 2175 836 2226 autem
849 2164 1000 2226 carnibus
1013 2188 1038 2228 15

242 2275 275 2325 et
297 2264 380 2340 pisis
402 2263 615 2324 comedebant
638 2264 734 2324 etiam
757 2280 872 2323 omnes
894 2263 948 2339 qui
968 2263 1000 2323 in

243 2362 340 2423 domo
371 2361 444 2421 eius
475 2372 576 2422 erant.
620 2364 655 2422 ln
686 2373 809 2423 tantum
840 2361 1002 2422 Dominus

242 2459 398 2538 praefatis
420 2460 551 2519 cibariis
572 2459 800 2519 benedixerat:
822 2459 908 2535 quod
930 2477 1001 2536 per·

242 2569 313 2620 acto
324 2559 445 2634 pascha
456 2558 548 2635 quasi
561 2558 667 2618 media
678 2576 752 2634 pars
764 2575 876 2618 eorum
889 2575 1001 2633 super-

242 2665 417 2717 manserat.
443 2654 523 2715 Tota
538 2666 645 2715 autem
662 2656 771 2716 hieme
787 2654 882 2715 iussit
897 2656 999 2715 semel
1010 2676 1037 2717 20

242 2766 296 2816 aut
316 2754 367 2814 bis
383 2754 416 2814 in
431 2754 633 2814 hebdomada
649 2771 796 2830 magnam
813 2753 909 2813 ollam
926 2770 999 2812 cum

242 2853 324 2930 pisis
349 2851 531 2927 praeparari
555 2862 587 2912 et
609 2851 722 2928 coqui;
751 2860 843 2910 etex
867 2867 904 2909 ea
926 2868 1000 2910 cum

241 2949 417 3029 praedictis
439 2950 592 3010 carnibus
613 2950 811 3026 pauperibus
833 2948 1001 3024 distribui;

242 3049 375 3109 imitans
397 3048 581 3123 exemplum
599 3047 717 3107 Elisaei
736 3048 923 3124 prophetae,
945 3046 999 3123 qui

243 3148 318 3208 liliis
330 3147 560 3223 prophetarum
572 3146 737 3222 praecepit
748 3144 999 3222 pulmentarium
1011 3165 1037 3205 25

242 3245 275 3305 in
298 3245 362 3306 olla
384 3245 499 3321 parari.
532 3246 615 3305 Raro
637 3255 745 3305 autem
769 3244 865 3305 alicui
889 3260 928 3303 ex
948 3242 1000 3302 his

243 3342 365 3419 aliquid
394 3342 557 3417 mittebat,
586 3343 649 3403 nisi
672 3341 842 3402 denarium
865 3358 999 3417 parvum

244 3440 295 3499 vel
306 3457 460 3516 magnum
471 3441 617 3501 adderet:
634 3440 661 3500 si
673 3450 781 3500 tamen
794 3457 867 3499 eum
880 3439 1000 3499 habere

246 3547 377 3610 poterat.
405 3538 470 3599 Sed
485 3555 546 3599 nec
561 3556 678 3614 panem
695 3537 798 3612 dabat,
813 3537 876 3597 nisi
888 3553 1000 3612 super-

249 3634 375 3697 adderet
403 3636 533 3713 aliquod
561 3637 721 3696 lerculum
745 3652 818 3694 cum
842 3651 924 3710 pane
947 3651 1037 3693 su-so

251 3732 414 3795 mendum:
436 3735 488 3793 vel
511 3734 683 3810 pecuniam
700 3732 739 3792 ad
755 3732 998 3793 condimentum

602 3837 640 3877 aar
