<?xml version="1.0" encoding="UTF-8"?>
<!DOCTYPE html PUBLIC "-//W3C//DTD XHTML 1.0 Transitional//EN"
    "http://www.w3.org/TR/xhtml1/DTD/xhtml1-transitional.dtd">
<html xmlns="http://www.w3.org/1999/xhtml" xml:lang="en" lang="en">
 <head>
  <title>
</title>
<meta http-equiv="Content-Type" content="text/html;charset=utf-8" />
  <meta name='ocr-system' content='tesseract 3.04.00' />
  <meta name='ocr-capabilities' content='ocr_page ocr_carea ocr_par ocr_line ocrx_word'/>
</head>
<body>
  <div class='ocr_page' id='page_1' title='image "./thomaehemerkena00pohlgoog_0382.png"; bbox 0 0 2692 4659; ppageno 0'>
   <div class='ocr_carea' id='block_1_1' title="bbox 374 1473 1113 1636">
    <p class='ocr_par' dir='ltr' id='par_1_1' title="bbox 374 1473 1113 1636">
     <span class='ocr_line' id='line_1_1' title="bbox 374 1473 1113 1552; baseline 0 -17"><span class='ocrx_word' id='word_1_1' title='bbox 374 1473 638 1552; x_wconf 90' lang='lat' dir='ltr'>SEQVVNTVR</span> <span class='ocrx_word' id='word_1_2' title='bbox 655 1474 876 1538; x_wconf 79' lang='lat' dir='ltr'>CAPITVLA</span> <span class='ocrx_word' id='word_1_3' title='bbox 892 1475 1113 1540; x_wconf 76' lang='lat' dir='ltr'>SECVNDAE</span> 
     </span>
     <span class='ocr_line' id='line_1_2' title="bbox 561 1572 944 1636; baseline 0.01 -4"><span class='ocrx_word' id='word_1_4' title='bbox 561 1572 715 1634; x_wconf 79' lang='lat' dir='ltr'>PARTIS</span> <span class='ocrx_word' id='word_1_5' title='bbox 738 1575 944 1636; x_wconf 86' lang='lat' dir='ltr'>EIVSDEM.</span> 
     </span>
    </p>
   </div>
   <div class='ocr_carea' id='block_1_2' title="bbox 350 1854 1022 2036">
    <p class='ocr_par' dir='ltr' id='par_1_2' title="bbox 350 1854 1022 2036">
     <span class='ocr_line' id='line_1_3' title="bbox 483 1854 1022 1905; baseline 0 -11"><span class='ocrx_word' id='word_1_6' title='bbox 483 1866 494 1894; x_wconf 93' lang='lat' dir='ltr'>e</span> <span class='ocrx_word' id='word_1_7' title='bbox 515 1854 578 1894; x_wconf 91' lang='lat' dir='ltr'>initio</span> <span class='ocrx_word' id='word_1_8' title='bbox 598 1854 753 1905; x_wconf 75' lang='lat' dir='ltr'>spiritualium</span> <span class='ocrx_word' id='word_1_9' title='bbox 772 1854 952 1896; x_wconf 83' lang='lat' dir='ltr'>consolationum</span> <span class='ocrx_word' id='word_1_10' title='bbox 973 1856 1022 1896; x_wconf 86' lang='lat' dir='ltr'>eius</span> 
     </span>
     <span class='ocr_line' id='line_1_4' title="bbox 373 1923 1022 2008; baseline 0.003 -44"><span class='ocrx_word' id='word_1_11' title='bbox 373 1924 388 2008; x_wconf 47' lang='grc' dir='ltr'>ᾗ</span> <span class='ocrx_word' id='word_1_12' title='bbox 541 1936 581 1977; x_wconf 90' lang='lat' dir='ltr'>per</span> <span class='ocrx_word' id='word_1_13' title='bbox 607 1924 783 1966; x_wconf 80' lang='lat' dir='ltr'>recordationem</span> <span class='ocrx_word' id='word_1_14' title='bbox 813 1923 945 1966; x_wconf 85' lang='lat' dir='ltr'>Dominiene</span> <span class='ocrx_word' id='word_1_15' title='bbox 973 1937 1022 1977; x_wconf 89' lang='lat' dir='ltr'>pas-</span> 
     </span>
     <span class='ocr_line' id='line_1_5' title="bbox 350 1997 616 2036; baseline 0 0"><span class='ocrx_word' id='word_1_16' title='bbox 350 1997 364 2036; x_wconf 87' lang='lat'>5</span> <span class='ocrx_word' id='word_1_17' title='bbox 543 1997 616 2036; x_wconf 88' lang='lat' dir='ltr'>sionis</span> 
     </span>
    </p>
   </div>
   <div class='ocr_carea' id='block_1_3' title="bbox 336 2065 1156 3823">
    <p class='ocr_par' dir='ltr' id='par_1_3' title="bbox 336 2065 1156 3823">
     <span class='ocr_line' id='line_1_6' title="bbox 375 2065 1022 2118; baseline 0.002 -12"><span class='ocrx_word' id='word_1_18' title='bbox 375 2065 407 2106; x_wconf 86' lang='lat' dir='ltr'>De</span> <span class='ocrx_word' id='word_1_19' title='bbox 423 2074 486 2118; x_wconf 90' lang='lat' dir='ltr'>raptu</span> <span class='ocrx_word' id='word_1_20' title='bbox 501 2066 551 2106; x_wconf 90' lang='lat' dir='ltr'>eius</span> <span class='ocrx_word' id='word_1_21' title='bbox 566 2067 588 2106; x_wconf 93' lang='lat' dir='ltr'>in</span> <span class='ocrx_word' id='word_1_22' title='bbox 605 2074 685 2106; x_wconf 90' lang='lat' dir='ltr'>terram</span> <span class='ocrx_word' id='word_1_23' title='bbox 701 2074 809 2118; x_wconf 89' lang='lat' dir='ltr'>sanctam,</span> <span class='ocrx_word' id='word_1_24' title='bbox 825 2073 845 2107; x_wconf 91' lang='lat' dir='ltr'>et</span> <span class='ocrx_word' id='word_1_25' title='bbox 855 2066 882 2107; x_wconf 90' lang='lat' dir='ltr'>ad</span> <span class='ocrx_word' id='word_1_26' title='bbox 898 2078 961 2107; x_wconf 87' lang='lat' dir='ltr'>sacra</span> <span class='ocrx_word' id='word_1_27' title='bbox 975 2067 1022 2107; x_wconf 91' lang='lat' dir='ltr'>loca</span> 
     </span>
     <span class='ocr_line' id='line_1_7' title="bbox 426 2136 1021 2178; baseline 0.002 -1"><span class='ocrx_word' id='word_1_28' title='bbox 426 2138 489 2177; x_wconf 87' lang='lat' dir='ltr'>urbis</span> <span class='ocrx_word' id='word_1_29' title='bbox 506 2136 616 2178; x_wconf 79' lang='lat' dir='ltr'>Romanae</span> <span class='ocrx_word' id='word_1_30' title='bbox 619 2166 1021 2178; x_wconf 77' lang='grc'><em>............</em></span> 
     </span>
     <span class='ocr_line' id='line_1_8' title="bbox 374 2206 1020 2250; baseline 0.002 -3"><span class='ocrx_word' id='word_1_31' title='bbox 374 2206 408 2249; x_wconf 87' lang='lat' dir='ltr'>De</span> <span class='ocrx_word' id='word_1_32' title='bbox 423 2208 519 2248; x_wconf 88' lang='lat' dir='ltr'>mirabili</span> <span class='ocrx_word' id='word_1_33' title='bbox 534 2208 631 2248; x_wconf 90' lang='lat' dir='ltr'>claritate</span> <span class='ocrx_word' id='word_1_34' title='bbox 646 2216 667 2249; x_wconf 90' lang='lat' dir='ltr'>et</span> <span class='ocrx_word' id='word_1_35' title='bbox 682 2209 791 2249; x_wconf 89' lang='lat' dir='ltr'>suavitate</span> <span class='ocrx_word' id='word_1_36' title='bbox 806 2210 864 2249; x_wconf 87' lang='lat' dir='ltr'>intra</span> <span class='ocrx_word' id='word_1_37' title='bbox 879 2208 957 2249; x_wconf 88' lang='lat' dir='ltr'>cellam</span> <span class='ocrx_word' id='word_1_38' title='bbox 972 2210 1020 2250; x_wconf 91' lang='lat' dir='ltr'>eius</span> 
     </span>
     <span class='ocr_line' id='line_1_9' title="bbox 426 2280 1021 2331; baseline 0.003 -12"><span class='ocrx_word' id='word_1_39' title='bbox 426 2280 585 2331; x_wconf 81' lang='lat' dir='ltr'>apparentibus</span> <span class='ocrx_word' id='word_1_40' title='bbox 588 2308 1021 2321; x_wconf 85' lang='lat'>.............</span> 
     </span>
     <span class='ocr_line' id='line_1_10' title="bbox 339 2348 1025 2402; baseline 0 -11"><span class='ocrx_word' id='word_1_41' title='bbox 339 2351 363 2391; x_wconf 87' lang='lat' dir='ltr'>to</span> <span class='ocrx_word' id='word_1_42' title='bbox 375 2348 407 2390; x_wconf 87' lang='lat' dir='ltr'>De</span> <span class='ocrx_word' id='word_1_43' title='bbox 418 2351 506 2390; x_wconf 84' lang='lat' dir='ltr'>visione</span> <span class='ocrx_word' id='word_1_44' title='bbox 522 2351 543 2390; x_wconf 92' lang='lat' dir='ltr'>in</span> <span class='ocrx_word' id='word_1_45' title='bbox 560 2358 622 2391; x_wconf 90' lang='lat' dir='ltr'>nocte</span> <span class='ocrx_word' id='word_1_46' title='bbox 634 2350 765 2391; x_wconf 84' lang='lat' dir='ltr'>Dominlcae</span> <span class='ocrx_word' id='word_1_47' title='bbox 780 2351 912 2402; x_wconf 84' lang='lat' dir='ltr'>nativitatis,</span> <span class='ocrx_word' id='word_1_48' title='bbox 929 2359 948 2391; x_wconf 91' lang='lat' dir='ltr'>et</span> <span class='ocrx_word' id='word_1_49' title='bbox 964 2352 1025 2391; x_wconf 89' lang='lat' dir='ltr'>uber·</span> 
     </span>
     <span class='ocr_line' id='line_1_11' title="bbox 427 2417 1053 2462; baseline 0.002 -2"><span class='ocrx_word' id='word_1_50' title='bbox 427 2428 468 2460; x_wconf 90' lang='lat' dir='ltr'>tate</span> <span class='ocrx_word' id='word_1_51' title='bbox 483 2420 547 2461; x_wconf 90' lang='lat' dir='ltr'>lactis</span> <span class='ocrx_word' id='word_1_52' title='bbox 562 2422 584 2461; x_wconf 94' lang='lat' dir='ltr'>in</span> <span class='ocrx_word' id='word_1_53' title='bbox 600 2421 707 2461; x_wconf 86' lang='lat' dir='ltr'>uberibus</span> <span class='ocrx_word' id='word_1_54' title='bbox 722 2422 771 2461; x_wconf 86' lang='lat' dir='ltr'>eius</span> <span class='ocrx_word' id='word_1_55' title='bbox 774 2450 1021 2462; x_wconf 87' lang='grc'><strong>........</strong></span> <span class='ocrx_word' id='word_1_56' title='bbox 1051 2417 1053 2422; x_wconf 78' lang='grc'>’</span> 
     </span>
     <span class='ocr_line' id='line_1_12' title="bbox 374 2488 1023 2543; baseline 0.005 -14"><span class='ocrx_word' id='word_1_57' title='bbox 374 2488 406 2529; x_wconf 85' lang='lat' dir='ltr'>De</span> <span class='ocrx_word' id='word_1_58' title='bbox 426 2490 487 2540; x_wconf 83' lang='lat' dir='ltr'>virga</span> <span class='ocrx_word' id='word_1_59' title='bbox 509 2490 640 2543; x_wconf 87' lang='lat' dir='ltr'>cypressina</span> <span class='ocrx_word' id='word_1_60' title='bbox 662 2502 728 2543; x_wconf 85' lang='lat' dir='ltr'>quam</span> <span class='ocrx_word' id='word_1_61' title='bbox 750 2492 769 2531; x_wconf 91' lang='lat' dir='ltr'>ei</span> <span class='ocrx_word' id='word_1_62' title='bbox 792 2490 886 2541; x_wconf 83' lang='lat' dir='ltr'>angelus</span> <span class='ocrx_word' id='word_1_63' title='bbox 905 2491 977 2532; x_wconf 86' lang='lat' dir='ltr'>attulit</span> <span class='ocrx_word' id='word_1_64' title='bbox 996 2492 1023 2532; x_wconf 93' lang='lat' dir='ltr'>de</span> 
     </span>
     <span class='ocr_line' id='line_1_13' title="bbox 427 2561 1020 2612; baseline 0.005 -12"><span class='ocrx_word' id='word_1_65' title='bbox 427 2561 540 2612; x_wconf 86' lang='lat' dir='ltr'>paradiso.</span> <span class='ocrx_word' id='word_1_66' title='bbox 586 2590 1020 2603; x_wconf 86' lang='grc'>.............</span> 
     </span>
     <span class='ocr_line' id='line_1_14' title="bbox 374 2632 1022 2685; baseline -0.002 -11"><span class='ocrx_word' id='word_1_67' title='bbox 374 2633 407 2674; x_wconf 87' lang='lat' dir='ltr'>De</span> <span class='ocrx_word' id='word_1_68' title='bbox 426 2635 550 2685; x_wconf 88' lang='lat' dir='ltr'>privatione</span> <span class='ocrx_word' id='word_1_69' title='bbox 569 2632 680 2683; x_wconf 81' lang='lat' dir='ltr'>angelicae</span> <span class='ocrx_word' id='word_1_70' title='bbox 699 2632 806 2674; x_wconf 87' lang='lat' dir='ltr'>claritatis</span> <span class='ocrx_word' id='word_1_71' title='bbox 826 2634 854 2674; x_wconf 92' lang='lat' dir='ltr'>ob</span> <span class='ocrx_word' id='word_1_72' title='bbox 874 2636 1022 2685; x_wconf 85' lang='lat' dir='ltr'>praesentiam</span> 
     </span>
     <span class='ocr_line' id='line_1_15' title="bbox 339 2702 1020 2745; baseline 0.001 -1"><span class='ocrx_word' id='word_1_73' title='bbox 339 2705 363 2744; x_wconf 88' lang='lat'>15</span> <span class='ocrx_word' id='word_1_74' title='bbox 426 2705 518 2745; x_wconf 87' lang='lat' dir='ltr'>alterius</span> <span class='ocrx_word' id='word_1_75' title='bbox 533 2705 555 2743; x_wconf 92' lang='lat' dir='ltr'>in</span> <span class='ocrx_word' id='word_1_76' title='bbox 570 2702 626 2744; x_wconf 88' lang='lat' dir='ltr'>cella</span> <span class='ocrx_word' id='word_1_77' title='bbox 640 2704 690 2743; x_wconf 90' lang='lat' dir='ltr'>eius</span> <span class='ocrx_word' id='word_1_78' title='bbox 707 2703 794 2744; x_wconf 84' lang='lat' dir='ltr'>latentis</span> <span class='ocrx_word' id='word_1_79' title='bbox 798 2734 1020 2745; x_wconf 86' lang='grc'>.......</span> 
     </span>
     <span class='ocr_line' id='line_1_16' title="bbox 374 2774 1023 2829; baseline -0.002 -13"><span class='ocrx_word' id='word_1_80' title='bbox 374 2775 407 2816; x_wconf 87' lang='lat' dir='ltr'>De</span> <span class='ocrx_word' id='word_1_81' title='bbox 423 2784 485 2829; x_wconf 89' lang='lat' dir='ltr'>raptu</span> <span class='ocrx_word' id='word_1_82' title='bbox 496 2777 545 2815; x_wconf 89' lang='lat' dir='ltr'>eius</span> <span class='ocrx_word' id='word_1_83' title='bbox 556 2775 582 2815; x_wconf 89' lang='lat' dir='ltr'>ad</span> <span class='ocrx_word' id='word_1_84' title='bbox 594 2774 642 2815; x_wconf 90' lang='lat' dir='ltr'>loca</span> <span class='ocrx_word' id='word_1_85' title='bbox 653 2776 784 2827; x_wconf 85' lang='lat' dir='ltr'>purgatorii,</span> <span class='ocrx_word' id='word_1_86' title='bbox 800 2784 820 2816; x_wconf 91' lang='lat' dir='ltr'>et</span> <span class='ocrx_word' id='word_1_87' title='bbox 833 2776 860 2817; x_wconf 83' lang='lat' dir='ltr'>ad</span> <span class='ocrx_word' id='word_1_88' title='bbox 871 2776 951 2828; x_wconf 84' lang='lat' dir='ltr'>gaudia</span> <span class='ocrx_word' id='word_1_89' title='bbox 962 2787 1023 2827; x_wconf 82' lang='lat' dir='ltr'>para-</span> 
     </span>
     <span class='ocr_line' id='line_1_17' title="bbox 426 2846 1022 2898; baseline -0.002 -12"><span class='ocrx_word' id='word_1_90' title='bbox 426 2846 484 2895; x_wconf 84' lang='lat' dir='ltr'>disi,</span> <span class='ocrx_word' id='word_1_91' title='bbox 503 2846 562 2887; x_wconf 90' lang='lat' dir='ltr'>unde</span> <span class='ocrx_word' id='word_1_92' title='bbox 577 2854 661 2887; x_wconf 89' lang='lat' dir='ltr'>sertum</span> <span class='ocrx_word' id='word_1_93' title='bbox 682 2847 770 2887; x_wconf 86' lang='lat' dir='ltr'>abeata</span> <span class='ocrx_word' id='word_1_94' title='bbox 786 2847 871 2898; x_wconf 86' lang='lat' dir='ltr'>virgine</span> <span class='ocrx_word' id='word_1_95' title='bbox 889 2848 932 2887; x_wconf 91' lang='lat' dir='ltr'>sibi</span> <span class='ocrx_word' id='word_1_96' title='bbox 948 2846 1022 2887; x_wconf 91' lang='lat' dir='ltr'>datum</span> 
     </span>
     <span class='ocr_line' id='line_1_18' title="bbox 427 2919 1022 2969; baseline -0.002 -12"><span class='ocrx_word' id='word_1_97' title='bbox 427 2919 548 2969; x_wconf 83' lang='lat' dir='ltr'>reportavit</span> <span class='ocrx_word' id='word_1_98' title='bbox 550 2946 1022 2959; x_wconf 86' lang='lat'>..............</span> 
     </span>
     <span class='ocr_line' id='line_1_19' title="bbox 375 2988 1022 3041; baseline -0.002 -12"><span class='ocrx_word' id='word_1_99' title='bbox 375 2988 407 3029; x_wconf 88' lang='lat' dir='ltr'>De</span> <span class='ocrx_word' id='word_1_100' title='bbox 418 3000 498 3029; x_wconf 88' lang='lat' dir='ltr'>corona</span> <span class='ocrx_word' id='word_1_101' title='bbox 509 2988 606 3039; x_wconf 90' lang='lat' dir='ltr'>gloriosa</span> <span class='ocrx_word' id='word_1_102' title='bbox 616 2989 660 3028; x_wconf 88' lang='lat' dir='ltr'>sibi</span> <span class='ocrx_word' id='word_1_103' title='bbox 672 2996 801 3040; x_wconf 86' lang='lat' dir='ltr'>praeparata</span> <span class='ocrx_word' id='word_1_104' title='bbox 811 2998 903 3041; x_wconf 90' lang='lat' dir='ltr'>propter</span> <span class='ocrx_word' id='word_1_105' title='bbox 913 2990 1022 3041; x_wconf 80' lang='lat' dir='ltr'>vituperia</span> 
     </span>
     <span class='ocr_line' id='line_1_20' title="bbox 336 3057 863 3100; baseline -0.002 0"><span class='ocrx_word' id='word_1_106' title='bbox 336 3058 363 3099; x_wconf 78' lang='lat'>20</span> <span class='ocrx_word' id='word_1_107' title='bbox 427 3068 446 3100; x_wconf 88' lang='lat' dir='ltr'>et</span> <span class='ocrx_word' id='word_1_108' title='bbox 462 3059 554 3099; x_wconf 84' lang='lat' dir='ltr'>vulnera</span> <span class='ocrx_word' id='word_1_109' title='bbox 568 3070 580 3098; x_wconf 88' lang='lat' dir='ltr'>a</span> <span class='ocrx_word' id='word_1_110' title='bbox 596 3057 697 3098; x_wconf 86' lang='lat' dir='ltr'>Picardis</span> <span class='ocrx_word' id='word_1_111' title='bbox 713 3059 757 3098; x_wconf 89' lang='lat' dir='ltr'>sibi</span> <span class='ocrx_word' id='word_1_112' title='bbox 773 3058 863 3099; x_wconf 87' lang='lat' dir='ltr'>inilicta.</span> 
     </span>
     <span class='ocr_line' id='line_1_21' title="bbox 375 3128 1022 3182; baseline 0 -11"><span class='ocrx_word' id='word_1_113' title='bbox 375 3130 408 3171; x_wconf 88' lang='lat' dir='ltr'>De</span> <span class='ocrx_word' id='word_1_114' title='bbox 422 3131 527 3182; x_wconf 86' lang='lat' dir='ltr'>patientia</span> <span class='ocrx_word' id='word_1_115' title='bbox 542 3137 562 3169; x_wconf 89' lang='lat' dir='ltr'>et</span> <span class='ocrx_word' id='word_1_116' title='bbox 577 3137 647 3170; x_wconf 89' lang='lat' dir='ltr'>morte</span> <span class='ocrx_word' id='word_1_117' title='bbox 658 3128 792 3170; x_wconf 90' lang='lat' dir='ltr'>Petronillae</span> <span class='ocrx_word' id='word_1_118' title='bbox 807 3131 881 3181; x_wconf 90' lang='lat' dir='ltr'>neptis</span> <span class='ocrx_word' id='word_1_119' title='bbox 897 3130 965 3170; x_wconf 86' lang='lat' dir='ltr'>huius</span> <span class='ocrx_word' id='word_1_120' title='bbox 981 3132 1022 3171; x_wconf 87' lang='lat' dir='ltr'>vir·</span> 
     </span>
     <span class='ocr_line' id='line_1_22' title="bbox 426 3202 1020 3252; baseline 0.002 -11"><span class='ocrx_word' id='word_1_121' title='bbox 426 3202 485 3252; x_wconf 87' lang='lat' dir='ltr'>ginis</span> <span class='ocrx_word' id='word_1_122' title='bbox 488 3229 1020 3242; x_wconf 85' lang='lat'>................</span> 
     </span>
     <span class='ocr_line' id='line_1_23' title="bbox 375 3271 1022 3325; baseline 0.003 -14"><span class='ocrx_word' id='word_1_123' title='bbox 375 3271 408 3312; x_wconf 87' lang='lat' dir='ltr'>De</span> <span class='ocrx_word' id='word_1_124' title='bbox 423 3273 572 3312; x_wconf 84' lang='lat' dir='ltr'>subtractione</span> <span class='ocrx_word' id='word_1_125' title='bbox 586 3272 748 3313; x_wconf 91' lang='lat' dir='ltr'>consolationis</span> <span class='ocrx_word' id='word_1_126' title='bbox 764 3273 861 3324; x_wconf 85' lang='lat' dir='ltr'>divinae,</span> <span class='ocrx_word' id='word_1_127' title='bbox 879 3285 945 3325; x_wconf 87' lang='lat' dir='ltr'>quarn</span> <span class='ocrx_word' id='word_1_128' title='bbox 961 3274 1022 3324; x_wconf 84' lang='lat' dir='ltr'>virgo</span> 
     </span>
     <span class='ocr_line' id='line_1_24' title="bbox 428 3343 1021 3397; baseline 0 -12"><span class='ocrx_word' id='word_1_129' title='bbox 428 3344 552 3385; x_wconf 88' lang='lat' dir='ltr'>incurrebat</span> <span class='ocrx_word' id='word_1_130' title='bbox 566 3343 594 3383; x_wconf 93' lang='lat' dir='ltr'>ob</span> <span class='ocrx_word' id='word_1_131' title='bbox 609 3344 723 3384; x_wconf 91' lang='lat' dir='ltr'>tristitiam</span> <span class='ocrx_word' id='word_1_132' title='bbox 739 3345 812 3397; x_wconf 86' lang='lat' dir='ltr'>neptis</span> <span class='ocrx_word' id='word_1_133' title='bbox 828 3343 952 3386; x_wconf 82' lang='lat' dir='ltr'>deiunctae.</span> <span class='ocrx_word' id='word_1_134' title='bbox 980 3374 986 3385; x_wconf 88' lang='lat'><em>.</em></span> <span class='ocrx_word' id='word_1_135' title='bbox 1016 3373 1021 3384; x_wconf 93' lang='lat'>.</span> 
     </span>
     <span class='ocr_line' id='line_1_25' title="bbox 337 3412 1022 3468; baseline 0 -14"><span class='ocrx_word' id='word_1_136' title='bbox 337 3414 364 3454; x_wconf 83' lang='lat'>25</span> <span class='ocrx_word' id='word_1_137' title='bbox 375 3415 408 3456; x_wconf 87' lang='lat' dir='ltr'>De</span> <span class='ocrx_word' id='word_1_138' title='bbox 422 3416 502 3456; x_wconf 86' lang='lat' dir='ltr'>devoto</span> <span class='ocrx_word' id='word_1_139' title='bbox 518 3414 598 3455; x_wconf 83' lang='lat' dir='ltr'>iuvene</span> <span class='ocrx_word' id='word_1_140' title='bbox 613 3412 716 3455; x_wconf 89' lang='lat' dir='ltr'>Gerardo</span> <span class='ocrx_word' id='word_1_141' title='bbox 731 3417 822 3456; x_wconf 89' lang='lat' dir='ltr'>eremita</span> <span class='ocrx_word' id='word_1_142' title='bbox 838 3414 907 3467; x_wconf 85' lang='lat' dir='ltr'>lacto,</span> <span class='ocrx_word' id='word_1_143' title='bbox 927 3423 948 3456; x_wconf 95' lang='lat' dir='ltr'>et</span> <span class='ocrx_word' id='word_1_144' title='bbox 963 3425 1022 3468; x_wconf 88' lang='lat' dir='ltr'>pere·</span> 
     </span>
     <span class='ocr_line' id='line_1_26' title="bbox 426 3488 1021 3538; baseline -0.002 -11"><span class='ocrx_word' id='word_1_145' title='bbox 426 3488 497 3538; x_wconf 85' lang='lat' dir='ltr'>grinis</span> <span class='ocrx_word' id='word_1_146' title='bbox 512 3499 563 3527; x_wconf 88' lang='lat' dir='ltr'>eum</span> <span class='ocrx_word' id='word_1_147' title='bbox 579 3488 723 3527; x_wconf 85' lang='lat' dir='ltr'>visitantibus</span> <span class='ocrx_word' id='word_1_148' title='bbox 726 3516 1021 3528; x_wconf 81' lang='grc'>.........</span> 
     </span>
     <span class='ocr_line' id='line_1_27' title="bbox 374 3557 1022 3611; baseline -0.003 -12"><span class='ocrx_word' id='word_1_149' title='bbox 374 3558 407 3599; x_wconf 87' lang='lat' dir='ltr'>De</span> <span class='ocrx_word' id='word_1_150' title='bbox 418 3558 476 3599; x_wconf 85' lang='lat' dir='ltr'>lelicl</span> <span class='ocrx_word' id='word_1_151' title='bbox 488 3559 548 3599; x_wconf 89' lang='lat' dir='ltr'>obitu</span> <span class='ocrx_word' id='word_1_152' title='bbox 561 3558 645 3599; x_wconf 91' lang='lat' dir='ltr'>domini</span> <span class='ocrx_word' id='word_1_153' title='bbox 656 3557 793 3599; x_wconf 88' lang='lat' dir='ltr'>Wermboldi</span> <span class='ocrx_word' id='word_1_154' title='bbox 806 3559 940 3611; x_wconf 88' lang='lat' dir='ltr'>presbyteri,</span> <span class='ocrx_word' id='word_1_155' title='bbox 955 3558 1022 3598; x_wconf 86' lang='lat' dir='ltr'>huius</span> 
     </span>
     <span class='ocr_line' id='line_1_28' title="bbox 427 3628 1021 3680; baseline 0 -11"><span class='ocrx_word' id='word_1_156' title='bbox 427 3631 521 3680; x_wconf 89' lang='lat' dir='ltr'>virginis</span> <span class='ocrx_word' id='word_1_157' title='bbox 538 3628 610 3670; x_wconf 79' lang='lat' dir='ltr'>tidelis</span> <span class='ocrx_word' id='word_1_158' title='bbox 626 3630 690 3669; x_wconf 91' lang='lat' dir='ltr'>amiel</span> <span class='ocrx_word' id='word_1_159' title='bbox 694 3658 1021 3670; x_wconf 86' lang='grc'>..........</span> 
     </span>
     <span class='ocr_line' id='line_1_29' title="bbox 374 3699 1022 3752; baseline 0 -12"><span class='ocrx_word' id='word_1_160' title='bbox 374 3699 407 3740; x_wconf 87' lang='lat' dir='ltr'>De</span> <span class='ocrx_word' id='word_1_161' title='bbox 426 3701 524 3741; x_wconf 84' lang='lat' dir='ltr'>diversis</span> <span class='ocrx_word' id='word_1_162' title='bbox 545 3701 646 3752; x_wconf 87' lang='lat' dir='ltr'>raptibus</span> <span class='ocrx_word' id='word_1_163' title='bbox 666 3701 716 3740; x_wconf 90' lang='lat' dir='ltr'>eius</span> <span class='ocrx_word' id='word_1_164' title='bbox 735 3708 756 3741; x_wconf 94' lang='lat' dir='ltr'>et</span> <span class='ocrx_word' id='word_1_165' title='bbox 774 3702 900 3752; x_wconf 89' lang='lat' dir='ltr'>cognitione</span> <span class='ocrx_word' id='word_1_166' title='bbox 919 3700 946 3741; x_wconf 90' lang='lat' dir='ltr'>de</span> <span class='ocrx_word' id='word_1_167' title='bbox 965 3709 1022 3741; x_wconf 83' lang='lat' dir='ltr'>statu</span> 
     </span>
     <span class='ocr_line' id='line_1_30' title="bbox 336 3740 1156 3823; baseline -0.005 -11"><span class='ocrx_word' id='word_1_168' title='bbox 336 3772 364 3813; x_wconf 79' lang='lat'>30</span> <span class='ocrx_word' id='word_1_169' title='bbox 426 3771 566 3823; x_wconf 88' lang='lat' dir='ltr'>quorundam</span> <span class='ocrx_word' id='word_1_170' title='bbox 582 3771 739 3822; x_wconf 87' lang='lat' dir='ltr'>religiosorum</span> <span class='ocrx_word' id='word_1_171' title='bbox 743 3800 1020 3813; x_wconf 88' lang='grc'>.........</span> <span class='ocrx_word' id='word_1_172' title='bbox 1068 3753 1126 3808; x_wconf 72' lang='lat' dir='ltr'>X1</span> <span class='ocrx_word' id='word_1_173' title='bbox 1149 3740 1156 3780; x_wconf 72' lang='lat' dir='ltr'>l</span> 
     </span>
    </p>
   </div>
   <div class='ocr_carea' id='block_1_4' title="bbox 732 3851 773 3891">
    <p class='ocr_par' dir='ltr' id='par_1_4' title="bbox 732 3851 773 3891">
     <span class='ocr_line' id='line_1_31' title="bbox 732 3851 773 3891; baseline 0 0"><span class='ocrx_word' id='word_1_174' title='bbox 732 3851 773 3891; x_wconf 82' lang='grc'>366</span> 
     </span>
    </p>
   </div>
   <div class='ocr_carea' id='block_1_5' title="bbox 0 0 1350 4659">
    <p class='ocr_par' dir='ltr' id='par_1_5' title="bbox 0 0 1350 4659">
     <span class='ocr_line' id='line_1_32' title="bbox 0 0 1350 4659; baseline 0 1"><span class='ocrx_word' id='word_1_175' title='bbox 0 0 1350 4659; x_wconf 95' lang='lat' dir='ltr'> </span> 
     </span>
    </p>
   </div>
  </div>
 </body>
</html>
