2692 4659
239 689 563 742 &mmm
585 689 656 731 xvnr
678 689 999 741 ffiffifflw

240 824 389 899 neglecto
412 821 551 882 consilio
575 822 637 883 ieci
659 824 859 883 voluntatem
883 839 998 882 meam.

243 920 423 996 Respondit
438 921 529 980 alter.
559 921 628 980 Nec
647 938 700 980 me
715 920 890 997 paenituit:
912 920 999 997 quod

241 1018 335 1078 bonis
371 1017 520 1077 consiliis
555 1018 715 1094 acquievi.
767 1018 852 1079 Novi
884 1035 998 1077 senem

243 1115 373 1176 iratrem
404 1115 459 1192 qui
489 1115 521 1174 in
551 1116 721 1176 iuventute
750 1133 810 1176 sua
831 1116 998 1176 seniorum

242 1214 340 1273 verba
361 1213 456 1273 valde
479 1213 618 1273 libenter
632 1213 772 1289 audivit3
794 1214 852 1272 sed
875 1214 914 1273 de
937 1214 1022 1271 hocs

243 1312 379 1370 multum
403 1312 521 1372 doluit:
543 1311 619 1388 quia
640 1311 742 1371 multa
761 1309 916 1370 oblivioni
939 1319 1000 1369 tra·

243 1408 330 1469 didit.

257 1612 314 1671 DE
337 1611 582 1672 SPIRITVALI
607 1611 777 1672 MILITIA
801 1612 984 1674 CONTRA

557 1709 687 1771 VITIA.

505 1859 624 1910 senno
642 1860 737 1909 xvlll.
1012 1870 1036 1911 ro

241 1938 413 2156 &Vm
430 1996 599 2055 audieritis
616 1997 745 2071 proelia
767 1997 1001 2057 etseditiones:

374 2094 475 2172 nolite
502 2095 618 2153 terreri.
668 2094 787 2154 Dilecti
819 2095 935 2156 iratres
966 2095 999 2155 in

239 2193 303 2251 hac
332 2190 398 2251 vita
426 2191 511 2251 inter
539 2194 651 2252 hostes
681 2210 868 2253 versamur:
900 2203 932 2253 et
961 2211 1000 2253 ex

237 2289 330 2348 omni
361 2299 453 2364 parte
474 2290 596 2350 bellurn
628 2291 723 2351 nobis
755 2291 853 2350 instat
889 2300 1001 2350 contra

235 2387 320 2447 vitia
347 2387 537 2463 gerendum.
585 2388 717 2450 Cotidie
745 2397 941 2464 temptamur
969 2398 1037 2447 etis

235 2486 487 2560 impugnamur3
503 2503 590 2545 nunc
602 2486 734 2562 quidem
746 2485 897 2561 molliter,
913 2503 1000 2545 nunc

235 2582 369 2657 acriter,
390 2599 523 2659 semper
544 2592 652 2643 autem
676 2583 862 2659 periculose
892 2593 924 2643 et
945 2601 1000 2643 ne-

235 2679 364 2755 quiter:
387 2680 514 2740 diabolo
529 2680 625 2740 nobis
642 2680 763 2756 ubique
779 2680 953 2740 insidiante
970 2690 1001 2740 et

235 2777 426 2838 infestante.
459 2778 579 2838 Nullus
594 2778 716 2855 quippe
732 2778 849 2837 vivens
864 2794 882 2835 a
899 2787 1000 2851 temp·

235 2876 417 2936 tationibus
438 2885 471 2936 et
494 2875 734 2936 turbationibus
758 2874 900 2934 totaliter
919 2874 1037 2936 liberao

237 2983 290 3034 est
313 2974 468 3050 quamdiu
490 2973 626 3049 spiritus
651 2974 685 3033 in
717 2989 853 3047 corpore
876 2982 1001 3031 manet:

236 3071 298 3131 sed
328 3072 466 3147 quilibet
494 3073 620 3148 cogitur
648 3073 747 3133 etiarn
778 3070 901 3130 invitus
929 3087 1001 3145 por-

236 3179 308 3228 tare
330 3170 459 3245 pondus
480 3169 545 3229 diei
568 3180 600 3230 et
622 3180 745 3230 aestus.
789 3170 894 3230 Nemo
924 3186 1001 3245 ergo

237 3266 306 3325 otio
337 3276 479 3343 torpeat3
510 3283 608 3327 nemo
639 3286 658 3327 a
689 3266 805 3327 castris
829 3267 889 3326 Dei
913 3284 1001 3327 rece-

238 3364 318 3422 dere
334 3362 469 3438 cogitet:
491 3381 589 3425 nemo
605 3375 680 3425 ante
698 3365 796 3425 finem
815 3366 890 3426 belli
914 3384 1002 3425 arma
1011 3382 1038 3423 25

238 3479 300 3520 sua
330 3460 480 3537 deponat.
533 3461 732 3539 Accingatur
769 3481 875 3523 novus
906 3464 1002 3523 miles

238 3575 320 3618 ense
342 3575 429 3618 novo
452 3558 485 3618 in
510 3560 639 3620 fervore
661 3560 797 3636 spiritus
813 3570 925 3621 contra
946 3578 1002 3621 ne-

237 3656 360 3732 quitias
390 3656 508 3716 diaboli
537 3667 758 3733 pugnaturus;
788 3668 909 3735 pugnet
939 3658 1002 3717 for-

237 3754 315 3813 titer
337 3754 370 3813 in
393 3754 499 3829 gladio
522 3755 572 3814 bis
594 3764 707 3814 acuto:
736 3756 887 3816 timorem
919 3755 1002 3830 pari·

603 3860 642 3901 143
