2692 4659
349 678 510 732 mm
538 678 700 724 SERMONES
715 682 755 723 AD
772 680 921 724 NOVlClOS
948 682 1114 735 ΜΘ

351 813 491 873 volantis
513 814 552 873 ad
575 815 656 875 caeli
680 816 804 891 sidera3
833 817 953 875 habeas
983 832 1110 891 pennas

351 910 510 986 simplicis
533 912 704 972 columbae
727 912 928 972 nidificantis
950 912 984 972 in
1001 923 1109 990 petra:

351 1007 536 1070 meditando
566 1011 684 1071 cotidie
713 1021 920 1072 sacrosancta
942 1012 1019 1072 lesu
1042 1013 1109 1073 vul-

350 1123 439 1167 nera.
472 1107 550 1167 Plus
573 1108 659 1168 enim
683 1109 863 1169 sanctitatis
879 1119 910 1169 et
926 1110 1108 1170 dulcedinis

328 1203 476 1265 sinvenit
507 1207 641 1267 humilis
668 1207 862 1267 Franciscus
893 1207 926 1267 in
955 1209 1107 1285 passione

351 1302 494 1364 Christi:
530 1322 627 1381 quam
663 1306 794 1366 subtilis
829 1315 1040 1367 astronomus
1075 1306 1105 1365 in

351 1403 551 1477 speculando
583 1404 693 1463 sidera
723 1404 814 1464 caeli.
859 1404 995 1464 Relictis
1032 1420 1104 1481 ergo

351 1502 491 1561 curiosis
513 1512 545 1563 et
566 1502 781 1563 infructuosis
811 1504 926 1578 rebus,
955 1503 1052 1563 stude
1073 1502 1102 1561 in

350 1598 415 1658 vita
438 1609 470 1659 et
498 1599 532 1659 in
553 1599 708 1675 passione
732 1599 875 1660 Christi:
905 1607 937 1658 et
958 1598 1103 1674 proficiet

318 1715 342 1754 ιο
352 1695 408 1755 tibi
431 1697 534 1773 magis
550 1714 646 1773 quam
669 1713 785 1757 omnes
808 1707 894 1757 artes
917 1696 1041 1757 mundi.
1072 1695 1102 1756 Si

351 1793 402 1853 vis
424 1794 585 1854 consolari
616 1794 768 1855 caelitus:
798 1795 874 1871 iuge
902 1794 1055 1855 homines
1076 1802 1107 1853 et

352 1892 474 1951 saeculi
497 1910 656 1953 rumores.
690 1894 766 1953 Esto
789 1892 929 1953 libenter
951 1910 1026 1953 cum
1044 1894 1105 1952 Do-

351 1989 440 2049 mino
462 1991 569 2051 solus:
592 2000 624 2050 et
639 2008 760 2067 quaere
783 1990 939 2050 solacium
962 1991 1052 2050 intus
1074 1990 1113 2050 in

352 2088 479 2147 devotis
490 2088 643 2164 precibus
654 2100 686 2149 et
697 2088 963 2149 meditationibus
974 2088 1120 2149 sanctis.

318 2206 342 2246 15
352 2185 443 2245 Nihil
461 2187 635 2262 salubrius,
654 2188 700 2247 nil
718 2185 894 2247 iucundius
911 2196 943 2247 et
960 2187 1129 2260 dulcius3

352 2298 448 2357 quam
461 2285 566 2344 Deum
579 2285 710 2344 laudare
722 2284 755 2343 in
766 2284 900 2360 hymnis
911 2294 942 2343 et
953 2285 1089 2360 psalmis
1105 2295 1144 2338 Ξ

351 2389 383 2438 et
412 2381 532 2441 habere
563 2398 620 2440 cor
648 2398 780 2440 sursum
813 2397 886 2439 cum
918 2382 1044 2456 angelis
1074 2382 1158 2441 ir»

352 2479 452 2538 caelis
474 2479 596 2539 inlimis
618 2479 785 2555 neglectis.
817 2477 904 2537 Talis
926 2477 1036 2539 dicere
1053 2492 1164 2556 po‘

351 2586 415 2636 test
442 2576 475 2635 in
506 2586 596 2652 raptu
629 2576 780 2652 spiritus:
812 2593 938 2635 memor
968 2576 1013 2636 fui
1046 2560 1165 2637 oei

314 2675 455 2736 zosolius
484 2675 517 2734 in
547 2674 648 2734 iubilo
678 2676 796 2735 cordis.
833 2675 919 2734 Vere
943 2674 1165 2735 Dominuff

351 2773 456 2833 estin
480 2773 551 2832 loco
574 2772 654 2832 isto:
684 2784 822 2834 nonest
850 2773 903 2832 hic
932 2772 1020 2833 aliud
1044 2758 1160 2834 nisfi

351 2871 467 2931 domus
491 2870 552 2930 Dei
575 2879 607 2930 et
629 2882 723 2947 porta
745 2872 835 2932 caeli.
866 2871 1004 2947 Aperite
1026 2859 1147 2932 mini

350 2979 459 3044 portas
491 2969 596 3045 angeli
628 2970 750 3029 sancti:
779 2980 811 3030 et
839 2969 977 3029 laudabo
1000 2971 1151 3030 vobis‘

351 3083 424 3125 cum
454 3085 574 3127 nomen
598 3067 730 3127 Domini
755 3068 814 3127 Dei
844 3067 907 3127 mei
938 3067 972 3127 in
995 3085 1140 3129 saecu‘

314 3164 418 3223 zslum
434 3165 566 3225 saeculi.
589 3166 658 3225 Vae
681 3176 788 3225 autem
811 3164 868 3239 illi,
890 3164 945 3240 qui
962 3166 1134 3227 sciente(

351 3262 468 3338 cogitat
496 3281 579 3323 vana
610 3264 697 3324 inter
727 3263 852 3322 divina:
885 3272 917 3322 et
947 3262 1129 3325 iniuriosa

350 3360 489 3420 revolvit
517 3370 626 3419 mente
657 3376 820 3436 perversa.
852 3359 920 3418 Vae
943 3360 999 3435 qui
1023 3361 1128 3421 idola

350 3457 544 3534 imaginatur
558 3458 743 3533 immunda;
759 3467 790 3516 et
805 3456 948 3532 neglegit
963 3460 1124 3534 pretiosa

351 3554 476 3616 Christi
499 3556 651 3615 vulnera:
681 3572 742 3615 nec
771 3554 891 3615 inferni
921 3555 1016 3617 timet
1043 3558 1116 3635 pati

313 3664 520 3716 sotormenta.
552 3655 621 3714 Vae
651 3654 706 3730 qui
736 3654 780 3713 ibi
810 3662 894 3713 tacet
916 3662 948 3713 et
970 3656 1116 3718 dormit:

349 3751 403 3810 ubi
420 3752 554 3828 vigilare
577 3764 609 3812 et
631 3769 724 3812 orare
747 3752 889 3812 deberet.
919 3754 990 3813 Vae
1006 3756 1118 3833 pigris

707 3857 747 3897 aaa
