2692 4659
237 674 998 729 &mmmmm

239 808 301 868 bus
323 809 439 869 sacris.
468 808 552 868 Nam
575 810 661 868 clara
676 810 781 869 adhuc
797 809 849 869 die
866 810 997 870 nemine

238 907 433 967 advertente
456 907 561 965 nubes
583 906 688 982 elevo,
710 917 827 968 ventos
844 908 998 983 produco,

240 1004 370 1081 fulgura
392 1003 522 1079 emitto,
549 1003 691 1065 tonitrua
711 1022 850 1082 genero,
876 1015 998 1082 tempe·

240 1111 342 1161 states
365 1100 489 1177 excito,
511 1119 600 1161 mare
622 1103 795 1178 perturbo,
822 1102 998 1179 grandines

240 1199 377 1275 proicio,
399 1198 522 1259 imbres
537 1199 681 1276 effundo,
703 1210 821 1261 terram
838 1200 1021 1274 concutio,5

240 1300 376 1358 arbores
392 1298 509 1372 evello,
524 1298 638 1357 domos
653 1300 819 1373 subverto,
837 1309 868 1358 et
884 1297 998 1357 miram

242 1396 303 1455 Dei
319 1395 500 1472 potentiam
523 1395 556 1454 in
579 1396 651 1456 istis
673 1396 886 1456 inferioribus
907 1394 1000 1454 terri·

240 1493 999 1570 biliterostend03utomnespeccatoresterrae

243 1592 351 1652 Deum
384 1591 499 1650 timere
521 1592 663 1652 discant:
693 1604 724 1653 et
747 1609 842 1668 quam
865 1592 999 1650 horren-

242 1691 319 1749 dum
344 1688 489 1748 futurum
513 1689 669 1749 iudicium
692 1689 725 1750 in
746 1688 927 1749 novissimo
947 1689 1035 1748 dieto

243 1797 420 1863 sequatur,
460 1802 500 1845 ex
535 1786 764 1861 praesentibus
799 1786 894 1846 malis
929 1804 1000 1862 per-

242 1885 396 1961 pendant.

284 1982 381 2059 Aqua
419 1981 514 2041 dicet.
576 1983 641 2059 Ego
682 1994 801 2043 terram
842 1983 1102 2052 imbribus-Aqua·

244 2081 354 2157 irrigo,
377 2080 485 2139 fontes
507 2090 538 2140 et
560 2080 695 2140 flumina
716 2082 871 2158 produco,
892 2080 1001 2157 pisces

245 2178 367 2238 diversi
390 2176 522 2254 generis
537 2178 676 2253 enutrio,
698 2196 799 2239 naves
821 2191 854 2239 et
871 2178 1001 2256 galedas
1013 2196 1037 2236 15

246 2277 357 2336 multis
380 2276 498 2352 opibus
520 2285 654 2335 onustas
678 2275 814 2337 tirmiter
834 2286 943 2353 porto,
970 2287 1002 2337 et

247 2376 284 2434 ad
307 2374 503 2451 longinquas
525 2373 677 2449 regiones
700 2383 731 2433 et
757 2375 882 2434 insulas
904 2385 1000 2434 vento

248 2472 343 2532 flante
354 2482 557 2532 transvecto:
573 2483 604 2532 et
619 2473 720 2532 multa
731 2471 890 2531 mirabilia
904 2488 1003 2548 opera

249 2569 307 2629 Dei
331 2570 364 2627 in
388 2568 469 2627 mari
492 2581 523 2630 et
546 2570 578 2629 in
601 2570 695 2647 aquis
717 2570 829 2629 multis
850 2570 1001 2645 navigan·

192 2707 193 2724 t
248 2668 332 2728 tibus
371 2667 580 2742 demonstr03
615 2678 649 2728 ut
681 2667 874 2727 annuntient
904 2683 1038 2742 operazo

192 2795 193 2800 κ
249 2766 318 2825 eius
345 2765 379 2824 in
402 2765 600 2825 exultatione
623 2783 696 2825 cum
720 2765 758 2824 ad
781 2773 908 2839 portum
931 2779 1002 2837 per-

192 2811 195 2926 i
250 2864 415 2923 venerint:
438 2873 470 2923 et
492 2863 532 2922 de
550 2863 676 2939 magnis
698 2861 854 2939 periculis
877 2860 1001 2920 liberati

191 2961 198 3018 i
251 2960 420 3037 magnifice
441 2960 560 3037 gratias
581 2969 685 3036 agant.
722 2959 760 3019 Et
775 2958 850 3034 quia
872 2970 1003 3033 peccata

252 3059 424 3119 vindictam
460 3058 611 3135 exigunt,
646 3056 720 3116 ideo
755 3055 897 3132 graviter
933 3056 1002 3115 Deo

252 3157 376 3218 offenso
398 3172 497 3231 saepe
512 3171 613 3214 naves
634 3163 827 3229 tempestate
843 3153 952 3229 quatio
972 3162 1039 3212 et25

253 3254 379 3332 lrang03
409 3271 508 3330 saepe
536 3252 688 3313 homines
712 3253 903 3327 submergo,
933 3267 1003 3325 pre-

251 3353 347 3413 tiosas
359 3368 469 3412 rerum
482 3351 592 3427 copias
602 3350 775 3409 absorbeo:
791 3360 823 3409 et
840 3358 1002 3424 tamquam

192 3521 193 3544 χ
250 3450 350 3511 lutum
375 3449 554 3525 platearum
577 3466 691 3508 aurum
715 3458 747 3508 et
773 3456 940 3524 argentum
971 3446 1003 3505 in

191 3572 197 3612 v
250 3549 367 3624 quibus
390 3546 543 3607 homines
565 3546 749 3620 confidunt,
778 3546 810 3604 in
840 3545 906 3604 imo
933 3561 1004 3619 pro-

249 3656 377 3720 stern03
400 3655 562 3721 quatenus
584 3642 672 3703 avari
696 3652 728 3702 et
749 3642 881 3717 superbi
896 3642 1040 3718 gigan-ao

248 3756 297 3804 tes
312 3744 368 3821 qui
385 3742 573 3818 deprimunt
587 3758 749 3818 pauperes
766 3750 799 3800 et
813 3739 1004 3799 defraudant

609 3847 645 3888 131
867 3841 897 3884 a·
