<?xml version="1.0" encoding="UTF-8"?>
<!DOCTYPE html PUBLIC "-//W3C//DTD XHTML 1.0 Transitional//EN"
    "http://www.w3.org/TR/xhtml1/DTD/xhtml1-transitional.dtd">
<html xmlns="http://www.w3.org/1999/xhtml" xml:lang="en" lang="en">
 <head>
  <title>
</title>
<meta http-equiv="Content-Type" content="text/html;charset=utf-8" />
  <meta name='ocr-system' content='tesseract 3.04.00' />
  <meta name='ocr-capabilities' content='ocr_page ocr_carea ocr_par ocr_line ocrx_word'/>
</head>
<body>
  <div class='ocr_page' id='page_1' title='image "./thomaehemerkena00pohlgoog_0046.png"; bbox 0 0 2692 4659; ppageno 0'>
   <div class='ocr_carea' id='block_1_1' title="bbox 363 682 1120 737">
    <p class='ocr_par' dir='ltr' id='par_1_1' title="bbox 363 682 1120 737">
     <span class='ocr_line' id='line_1_1' title="bbox 363 682 1120 737; baseline 0.015 -17"><span class='ocrx_word' id='word_1_1' title='bbox 363 683 523 736; x_wconf 54' lang='lat' dir='ltr'>&amp;mm</span> <span class='ocrx_word' id='word_1_2' title='bbox 550 682 712 726; x_wconf 82' lang='lat' dir='ltr'>SERMONES</span> <span class='ocrx_word' id='word_1_3' title='bbox 728 684 768 725; x_wconf 74' lang='lat' dir='ltr'>AD</span> <span class='ocrx_word' id='word_1_4' title='bbox 783 682 932 726; x_wconf 78' lang='lat' dir='ltr'>novlcros</span> <span class='ocrx_word' id='word_1_5' title='bbox 957 684 1120 737; x_wconf 49' lang='lat' dir='ltr'>&amp;ww</span> 
     </span>
    </p>
   </div>
   <div class='ocr_carea' id='block_1_2' title="bbox 258 816 1124 3718">
    <p class='ocr_par' dir='ltr' id='par_1_2' title="bbox 363 816 1119 1087">
     <span class='ocr_line' id='line_1_2' title="bbox 364 816 1117 894; baseline 0.001 -18"><span class='ocrx_word' id='word_1_6' title='bbox 364 833 447 894; x_wconf 89' lang='lat' dir='ltr'>quac</span> <span class='ocrx_word' id='word_1_7' title='bbox 462 816 576 878; x_wconf 93' lang='lat' dir='ltr'>nititur</span> <span class='ocrx_word' id='word_1_8' title='bbox 590 834 627 877; x_wconf 89' lang='lat' dir='ltr'>se</span> <span class='ocrx_word' id='word_1_9' title='bbox 642 816 826 893; x_wconf 86' lang='lat' dir='ltr'>resignare:</span> <span class='ocrx_word' id='word_1_10' title='bbox 849 826 881 878; x_wconf 90' lang='lat' dir='ltr'>et</span> <span class='ocrx_word' id='word_1_11' title='bbox 902 825 1000 878; x_wconf 90' lang='lat' dir='ltr'>totam</span> <span class='ocrx_word' id='word_1_12' title='bbox 1017 817 1117 878; x_wconf 90' lang='lat' dir='ltr'>vitam</span> 
     </span>
     <span class='ocr_line' id='line_1_3' title="bbox 363 912 1118 976; baseline 0.005 -4"><span class='ocrx_word' id='word_1_13' title='bbox 363 930 456 972; x_wconf 89' lang='lat' dir='ltr'>suarn</span> <span class='ocrx_word' id='word_1_14' title='bbox 474 913 620 973; x_wconf 89' lang='lat' dir='ltr'>moribus</span> <span class='ocrx_word' id='word_1_15' title='bbox 636 912 762 975; x_wconf 88' lang='lat' dir='ltr'>Christi</span> <span class='ocrx_word' id='word_1_16' title='bbox 785 914 1000 975; x_wconf 83' lang='lat' dir='ltr'>conformare.</span> <span class='ocrx_word' id='word_1_17' title='bbox 1029 916 1118 976; x_wconf 87' lang='lat' dir='ltr'>Vere</span> 
     </span>
     <span class='ocr_line' id='line_1_4' title="bbox 364 1010 1119 1087; baseline 0.005 -17"><span class='ocrx_word' id='word_1_18' title='bbox 364 1010 521 1087; x_wconf 89' lang='lat' dir='ltr'>optimum</span> <span class='ocrx_word' id='word_1_19' title='bbox 549 1011 734 1087; x_wconf 88' lang='lat' dir='ltr'>exemplum</span> <span class='ocrx_word' id='word_1_20' title='bbox 757 1011 841 1071; x_wconf 89' lang='lat' dir='ltr'>bene</span> <span class='ocrx_word' id='word_1_21' title='bbox 863 1012 1015 1074; x_wconf 85' lang='lat' dir='ltr'>vivendi:</span> <span class='ocrx_word' id='word_1_22' title='bbox 1044 1013 1119 1074; x_wconf 88' lang='lat' dir='ltr'>reii-</span> 
     </span>
    </p>

    <p class='ocr_par' dir='ltr' id='par_1_3' title="bbox 343 1108 1121 1380">
     <span class='ocr_line' id='line_1_5' title="bbox 364 1108 1119 1188; baseline 0.005 -21"><span class='ocrx_word' id='word_1_23' title='bbox 364 1108 433 1185; x_wconf 92' lang='lat' dir='ltr'>quit</span> <span class='ocrx_word' id='word_1_24' title='bbox 454 1108 606 1169; x_wconf 91' lang='lat' dir='ltr'>omnibus</span> <span class='ocrx_word' id='word_1_25' title='bbox 625 1109 721 1169; x_wconf 92' lang='lat' dir='ltr'>nobis</span> <span class='ocrx_word' id='word_1_26' title='bbox 738 1109 830 1169; x_wconf 85' lang='lat' dir='ltr'>iesus</span> <span class='ocrx_word' id='word_1_27' title='bbox 847 1109 1012 1172; x_wconf 92' lang='lat' dir='ltr'>Christus.</span> <span class='ocrx_word' id='word_1_28' title='bbox 1043 1111 1119 1188; x_wconf 88' lang='lat' dir='ltr'>Ipse</span> 
     </span>
     <span class='ocr_line' id='line_1_6' title="bbox 343 1205 1120 1284; baseline 0.003 -19"><span class='ocrx_word' id='word_1_29' title='bbox 343 1206 518 1282; x_wconf 85' lang='lat' dir='ltr'>smagister</span> <span class='ocrx_word' id='word_1_30' title='bbox 539 1206 702 1267; x_wconf 86' lang='lat' dir='ltr'>omniurn:</span> <span class='ocrx_word' id='word_1_31' title='bbox 731 1205 801 1283; x_wconf 88' lang='lat' dir='ltr'>ipse</span> <span class='ocrx_word' id='word_1_32' title='bbox 830 1206 912 1267; x_wconf 89' lang='lat' dir='ltr'>liber</span> <span class='ocrx_word' id='word_1_33' title='bbox 943 1219 975 1268; x_wconf 93' lang='lat' dir='ltr'>et</span> <span class='ocrx_word' id='word_1_34' title='bbox 1006 1208 1120 1284; x_wconf 88' lang='lat' dir='ltr'>regula</span> 
     </span>
     <span class='ocr_line' id='line_1_7' title="bbox 365 1302 1121 1380; baseline 0.004 -18"><span class='ocrx_word' id='word_1_35' title='bbox 365 1302 609 1379; x_wconf 82' lang='lat' dir='ltr'>religiosorum3</span> <span class='ocrx_word' id='word_1_36' title='bbox 624 1303 695 1380; x_wconf 89' lang='lat' dir='ltr'>ipse</span> <span class='ocrx_word' id='word_1_37' title='bbox 711 1314 931 1365; x_wconf 89' lang='lat' dir='ltr'>commentum</span> <span class='ocrx_word' id='word_1_38' title='bbox 944 1307 1121 1365; x_wconf 91' lang='lat' dir='ltr'>monacho-</span> 
     </span>
    </p>

    <p class='ocr_par' dir='ltr' id='par_1_4' title="bbox 364 1401 1120 1479">
     <span class='ocr_line' id='line_1_8' title="bbox 364 1401 1120 1479; baseline 0.003 -18"><span class='ocrx_word' id='word_1_39' title='bbox 364 1419 453 1461; x_wconf 88' lang='lat' dir='ltr'>rum:</span> <span class='ocrx_word' id='word_1_40' title='bbox 482 1401 553 1479; x_wconf 89' lang='lat' dir='ltr'>ipse</span> <span class='ocrx_word' id='word_1_41' title='bbox 582 1412 690 1462; x_wconf 88' lang='lat' dir='ltr'>textus</span> <span class='ocrx_word' id='word_1_42' title='bbox 718 1413 750 1462; x_wconf 89' lang='lat' dir='ltr'>ct</span> <span class='ocrx_word' id='word_1_43' title='bbox 770 1404 880 1478; x_wconf 87' lang='lat' dir='ltr'>glossa</span> <span class='ocrx_word' id='word_1_44' title='bbox 901 1406 1120 1465; x_wconf 90' lang='lat' dir='ltr'>decretorum.</span> 
     </span>
    </p>

    <p class='ocr_par' dir='ltr' id='par_1_5' title="bbox 258 1498 1121 2148">
     <span class='ocr_line' id='line_1_9' title="bbox 365 1498 1121 1576; baseline -0.003 -17"><span class='ocrx_word' id='word_1_45' title='bbox 365 1500 439 1575; x_wconf 90' lang='lat' dir='ltr'>lpse</span> <span class='ocrx_word' id='word_1_46' title='bbox 471 1500 575 1560; x_wconf 87' lang='lat' dir='ltr'>forma</span> <span class='ocrx_word' id='word_1_47' title='bbox 605 1500 691 1561; x_wconf 91' lang='lat' dir='ltr'>vitae</span> <span class='ocrx_word' id='word_1_48' title='bbox 722 1501 936 1576; x_wconf 89' lang='lat' dir='ltr'>clericorum,</span> <span class='ocrx_word' id='word_1_49' title='bbox 971 1498 1121 1559; x_wconf 92' lang='lat' dir='ltr'>doctrina</span> 
     </span>
     <span class='ocr_line' id='line_1_10' title="bbox 364 1596 1121 1674; baseline -0.001 -17"><span class='ocrx_word' id='word_1_50' title='bbox 364 1598 538 1674; x_wconf 84' lang='lat' dir='ltr'>laicorum3</span> <span class='ocrx_word' id='word_1_51' title='bbox 560 1599 694 1658; x_wconf 85' lang='lat' dir='ltr'>lucerna</span> <span class='ocrx_word' id='word_1_52' title='bbox 710 1598 865 1674; x_wconf 85' lang='lat' dir='ltr'>fidelium,</span> <span class='ocrx_word' id='word_1_53' title='bbox 883 1597 1003 1658; x_wconf 90' lang='lat' dir='ltr'>laetitia</span> <span class='ocrx_word' id='word_1_54' title='bbox 1018 1596 1121 1657; x_wconf 89' lang='lat' dir='ltr'>iusto·</span> 
     </span>
     <span class='ocr_line' id='line_1_11' title="bbox 331 1696 1121 1773; baseline -0.001 -17"><span class='ocrx_word' id='word_1_55' title='bbox 331 1714 448 1772; x_wconf 88' lang='lat' dir='ltr'>rorum,</span> <span class='ocrx_word' id='word_1_56' title='bbox 469 1696 571 1773; x_wconf 90' lang='lat' dir='ltr'>gloria</span> <span class='ocrx_word' id='word_1_57' title='bbox 593 1697 799 1772; x_wconf 90' lang='lat' dir='ltr'>angelorum:</span> <span class='ocrx_word' id='word_1_58' title='bbox 823 1696 897 1756; x_wconf 85' lang='lat' dir='ltr'>finis</span> <span class='ocrx_word' id='word_1_59' title='bbox 920 1706 951 1755; x_wconf 98' lang='lat' dir='ltr'>et</span> <span class='ocrx_word' id='word_1_60' title='bbox 966 1712 1121 1755; x_wconf 92' lang='lat' dir='ltr'>consum-</span> 
     </span>
     <span class='ocr_line' id='line_1_12' title="bbox 365 1794 1121 1855; baseline 0 -2"><span class='ocrx_word' id='word_1_61' title='bbox 365 1794 463 1854; x_wconf 88' lang='lat' dir='ltr'><strong>matio</strong></span> <span class='ocrx_word' id='word_1_62' title='bbox 485 1794 631 1855; x_wconf 89' lang='lat' dir='ltr'>omnium</span> <span class='ocrx_word' id='word_1_63' title='bbox 654 1794 891 1855; x_wconf 84' lang='lat' dir='ltr'>desideriorum</span> <span class='ocrx_word' id='word_1_64' title='bbox 920 1805 1121 1854; x_wconf 89' lang='lat' dir='ltr'>sanctorum.</span> 
     </span>
     <span class='ocr_line' id='line_1_13' title="bbox 408 1890 1121 1968; baseline 0.001 -17"><span class='ocrx_word' id='word_1_65' title='bbox 408 1891 539 1968; x_wconf 86' lang='lat' dir='ltr'>Legitur</span> <span class='ocrx_word' id='word_1_66' title='bbox 560 1893 656 1953; x_wconf 91' lang='lat' dir='ltr'>etiarn</span> <span class='ocrx_word' id='word_1_67' title='bbox 680 1892 713 1952; x_wconf 95' lang='lat' dir='ltr'>in</span> <span class='ocrx_word' id='word_1_68' title='bbox 729 1890 865 1952; x_wconf 83' lang='lat' dir='ltr'>Actibus</span> <span class='ocrx_word' id='word_1_69' title='bbox 887 1894 1121 1967; x_wconf 89' lang='lat' dir='ltr'>apostolorum,</span> 
     </span>
     <span class='ocr_line' id='line_1_14' title="bbox 258 1990 1121 2067; baseline 0.002 -20"><span class='ocrx_word' id='word_1_70' title='bbox 258 1990 406 2049; x_wconf 83' lang='lat' dir='ltr'>Paulusde</span> <span class='ocrx_word' id='word_1_71' title='bbox 434 1990 623 2051; x_wconf 89' lang='lat' dir='ltr'>beatissimo</span> <span class='ocrx_word' id='word_1_72' title='bbox 648 1991 748 2050; x_wconf 91' lang='lat' dir='ltr'>Paulo</span> <span class='ocrx_word' id='word_1_73' title='bbox 778 1991 940 2065; x_wconf 89' lang='lat' dir='ltr'>apostolo:</span> <span class='ocrx_word' id='word_1_74' title='bbox 969 1991 1056 2067; x_wconf 91' lang='lat' dir='ltr'>quod</span> <span class='ocrx_word' id='word_1_75' title='bbox 1086 1990 1121 2050; x_wconf 91' lang='lat' dir='ltr'>in</span> 
     </span>
     <span class='ocr_line' id='line_1_15' title="bbox 366 2087 1121 2148; baseline -0.001 0"><span class='ocrx_word' id='word_1_76' title='bbox 366 2087 458 2148; x_wconf 93' lang='lat' dir='ltr'>initio</span> <span class='ocrx_word' id='word_1_77' title='bbox 495 2087 722 2148; x_wconf 90' lang='lat' dir='ltr'>conversionis</span> <span class='ocrx_word' id='word_1_78' title='bbox 757 2105 837 2148; x_wconf 90' lang='lat' dir='ltr'>suae</span> <span class='ocrx_word' id='word_1_79' title='bbox 867 2105 930 2148; x_wconf 90' lang='lat' dir='ltr'>vox</span> <span class='ocrx_word' id='word_1_80' title='bbox 966 2088 1121 2148; x_wconf 91' lang='lat' dir='ltr'>caelestis</span> 
     </span>
    </p>

    <p class='ocr_par' dir='ltr' id='par_1_6' title="bbox 330 2184 1124 3718">
     <span class='ocr_line' id='line_1_16' title="bbox 332 2184 1120 2262; baseline -0.003 -16"><span class='ocrx_word' id='word_1_81' title='bbox 332 2206 357 2247; x_wconf 88' lang='lat'>15</span> <span class='ocrx_word' id='word_1_82' title='bbox 366 2186 446 2246; x_wconf 89' lang='lat' dir='ltr'>dixit</span> <span class='ocrx_word' id='word_1_83' title='bbox 467 2187 506 2246; x_wconf 91' lang='lat' dir='ltr'>ad</span> <span class='ocrx_word' id='word_1_84' title='bbox 529 2203 614 2246; x_wconf 91' lang='lat' dir='ltr'>eum.</span> <span class='ocrx_word' id='word_1_85' title='bbox 657 2185 761 2262; x_wconf 87' lang='lat' dir='ltr'>Surge</span> <span class='ocrx_word' id='word_1_86' title='bbox 784 2196 816 2245; x_wconf 93' lang='lat' dir='ltr'>et</span> <span class='ocrx_word' id='word_1_87' title='bbox 844 2184 1015 2262; x_wconf 91' lang='lat' dir='ltr'>ingredere</span> <span class='ocrx_word' id='word_1_88' title='bbox 1040 2184 1120 2245; x_wconf 88' lang='lat' dir='ltr'>civi·</span> 
     </span>
     <span class='ocr_line' id='line_1_17' title="bbox 365 2283 1121 2361; baseline -0.001 -17"><span class='ocrx_word' id='word_1_89' title='bbox 365 2295 481 2345; x_wconf 87' lang='lat' dir='ltr'>tatem:</span> <span class='ocrx_word' id='word_1_90' title='bbox 510 2295 543 2344; x_wconf 89' lang='lat' dir='ltr'>et</span> <span class='ocrx_word' id='word_1_91' title='bbox 571 2283 614 2344; x_wconf 90' lang='lat' dir='ltr'>ibi</span> <span class='ocrx_word' id='word_1_92' title='bbox 643 2284 700 2344; x_wconf 94' lang='lat' dir='ltr'>tibi</span> <span class='ocrx_word' id='word_1_93' title='bbox 724 2284 850 2344; x_wconf 91' lang='lat' dir='ltr'>dicetur</span> <span class='ocrx_word' id='word_1_94' title='bbox 871 2284 949 2361; x_wconf 91' lang='lat' dir='ltr'>quid</span> <span class='ocrx_word' id='word_1_95' title='bbox 971 2294 1002 2343; x_wconf 94' lang='lat' dir='ltr'>te</span> <span class='ocrx_word' id='word_1_96' title='bbox 1025 2300 1121 2360; x_wconf 95' lang='lat' dir='ltr'>opor-</span> 
     </span>
     <span class='ocr_line' id='line_1_18' title="bbox 366 2381 1119 2459; baseline -0.003 -17"><span class='ocrx_word' id='word_1_97' title='bbox 366 2393 431 2443; x_wconf 88' lang='lat' dir='ltr'>teat</span> <span class='ocrx_word' id='word_1_98' title='bbox 453 2382 570 2443; x_wconf 87' lang='lat' dir='ltr'>facere.</span> <span class='ocrx_word' id='word_1_99' title='bbox 601 2382 666 2459; x_wconf 91' lang='lat' dir='ltr'>Qui</span> <span class='ocrx_word' id='word_1_100' title='bbox 690 2382 797 2441; x_wconf 89' lang='lat' dir='ltr'>statim</span> <span class='ocrx_word' id='word_1_101' title='bbox 820 2382 972 2457; x_wconf 87' lang='lat' dir='ltr'>surrexit,</span> <span class='ocrx_word' id='word_1_102' title='bbox 994 2392 1026 2441; x_wconf 93' lang='lat' dir='ltr'>et</span> <span class='ocrx_word' id='word_1_103' title='bbox 1045 2381 1119 2441; x_wconf 93' lang='lat' dir='ltr'>voci</span> 
     </span>
     <span class='ocr_line' id='line_1_19' title="bbox 367 2480 1121 2556; baseline 0 -17"><span class='ocrx_word' id='word_1_104' title='bbox 367 2480 428 2539; x_wconf 90' lang='lat' dir='ltr'>Dei</span> <span class='ocrx_word' id='word_1_105' title='bbox 451 2480 632 2556; x_wconf 83' lang='lat' dir='ltr'>oboedivit3</span> <span class='ocrx_word' id='word_1_106' title='bbox 661 2481 831 2556; x_wconf 87' lang='lat' dir='ltr'>factusque</span> <span class='ocrx_word' id='word_1_107' title='bbox 854 2491 904 2540; x_wconf 93' lang='lat' dir='ltr'>est</span> <span class='ocrx_word' id='word_1_108' title='bbox 932 2490 1065 2539; x_wconf 89' lang='lat' dir='ltr'>sanctus</span> <span class='ocrx_word' id='word_1_109' title='bbox 1088 2489 1121 2539; x_wconf 89' lang='lat' dir='ltr'>et</span> 
     </span>
     <span class='ocr_line' id='line_1_20' title="bbox 367 2577 1120 2654; baseline -0.003 -16"><span class='ocrx_word' id='word_1_110' title='bbox 367 2595 503 2654; x_wconf 89' lang='lat' dir='ltr'>magnus</span> <span class='ocrx_word' id='word_1_111' title='bbox 534 2578 738 2654; x_wconf 93' lang='lat' dir='ltr'>praedicator</span> <span class='ocrx_word' id='word_1_112' title='bbox 767 2577 801 2637; x_wconf 94' lang='lat' dir='ltr'>in</span> <span class='ocrx_word' id='word_1_113' title='bbox 833 2578 910 2636; x_wconf 93' lang='lat' dir='ltr'>orbe</span> <span class='ocrx_word' id='word_1_114' title='bbox 942 2588 1120 2637; x_wconf 88' lang='lat' dir='ltr'>terrarum:</span> 
     </span>
     <span class='ocr_line' id='line_1_21' title="bbox 330 2675 1120 2752; baseline 0.001 -18"><span class='ocrx_word' id='word_1_115' title='bbox 330 2676 421 2752; x_wconf 84' lang='lat' dir='ltr'>aoqui</span> <span class='ocrx_word' id='word_1_116' title='bbox 444 2676 535 2751; x_wconf 93' lang='lat' dir='ltr'>prius</span> <span class='ocrx_word' id='word_1_117' title='bbox 558 2676 662 2735; x_wconf 87' lang='lat' dir='ltr'>fuerat</span> <span class='ocrx_word' id='word_1_118' title='bbox 681 2685 873 2751; x_wconf 89' lang='lat' dir='ltr'>persecutor</span> <span class='ocrx_word' id='word_1_119' title='bbox 895 2675 1120 2735; x_wconf 90' lang='lat' dir='ltr'>ecclesiarum.</span> 
     </span>
     <span class='ocr_line' id='line_1_22' title="bbox 368 2773 1120 2851; baseline -0.001 -18"><span class='ocrx_word' id='word_1_120' title='bbox 368 2774 431 2834; x_wconf 91' lang='lat' dir='ltr'>Hic</span> <span class='ocrx_word' id='word_1_121' title='bbox 446 2775 611 2851; x_wconf 83' lang='lat' dir='ltr'>perfectae</span> <span class='ocrx_word' id='word_1_122' title='bbox 626 2773 917 2834; x_wconf 92' lang='lat' dir='ltr'>abrenuntiationis</span> <span class='ocrx_word' id='word_1_123' title='bbox 933 2773 1120 2849; x_wconf 87' lang='lat' dir='ltr'>exemplum</span> 
     </span>
     <span class='ocr_line' id='line_1_23' title="bbox 366 2870 1121 2948; baseline -0.003 -17"><span class='ocrx_word' id='word_1_124' title='bbox 366 2872 509 2933; x_wconf 92' lang='lat' dir='ltr'>ostendit</span> <span class='ocrx_word' id='word_1_125' title='bbox 540 2871 693 2932; x_wconf 91' lang='lat' dir='ltr'>omnibus</span> <span class='ocrx_word' id='word_1_126' title='bbox 728 2871 910 2948; x_wconf 86' lang='lat' dir='ltr'>religiosis3</span> <span class='ocrx_word' id='word_1_127' title='bbox 945 2870 1121 2947; x_wconf 90' lang='lat' dir='ltr'>praecipue</span> 
     </span>
     <span class='ocr_line' id='line_1_24' title="bbox 366 2968 1121 3045; baseline -0.004 -15"><span class='ocrx_word' id='word_1_128' title='bbox 366 2981 474 3030; x_wconf 90' lang='lat' dir='ltr'>tarnen</span> <span class='ocrx_word' id='word_1_129' title='bbox 497 2970 723 3031; x_wconf 89' lang='lat' dir='ltr'>oboedientiae</span> <span class='ocrx_word' id='word_1_130' title='bbox 751 2970 887 3030; x_wconf 83' lang='lat' dir='ltr'>formam</span> <span class='ocrx_word' id='word_1_131' title='bbox 910 2968 1042 3045; x_wconf 90' lang='lat' dir='ltr'>reliquit</span> <span class='ocrx_word' id='word_1_132' title='bbox 1063 2986 1121 3027; x_wconf 95' lang='lat' dir='ltr'>no-</span> 
     </span>
     <span class='ocr_line' id='line_1_25' title="bbox 367 3066 1120 3128; baseline -0.003 -1"><span class='ocrx_word' id='word_1_133' title='bbox 367 3067 450 3127; x_wconf 88' lang='lat' dir='ltr'>viter</span> <span class='ocrx_word' id='word_1_134' title='bbox 465 3068 652 3128; x_wconf 85' lang='lat' dir='ltr'>conversis:</span> <span class='ocrx_word' id='word_1_135' title='bbox 675 3078 710 3128; x_wconf 95' lang='lat' dir='ltr'>ut</span> <span class='ocrx_word' id='word_1_136' title='bbox 725 3067 813 3127; x_wconf 92' lang='lat' dir='ltr'>omni</span> <span class='ocrx_word' id='word_1_137' title='bbox 830 3069 909 3126; x_wconf 91' lang='lat' dir='ltr'>hora</span> <span class='ocrx_word' id='word_1_138' title='bbox 927 3084 1000 3126; x_wconf 90' lang='lat' dir='ltr'>curn</span> <span class='ocrx_word' id='word_1_139' title='bbox 1018 3066 1120 3125; x_wconf 91' lang='lat' dir='ltr'>Paulo</span> 
     </span>
     <span class='ocr_line' id='line_1_26' title="bbox 331 3163 1121 3242; baseline -0.001 -19"><span class='ocrx_word' id='word_1_140' title='bbox 331 3165 483 3240; x_wconf 80' lang='lat' dir='ltr'>asdicant,</span> <span class='ocrx_word' id='word_1_141' title='bbox 508 3166 648 3226; x_wconf 89' lang='lat' dir='ltr'>Domine</span> <span class='ocrx_word' id='word_1_142' title='bbox 671 3165 749 3242; x_wconf 92' lang='lat' dir='ltr'>quid</span> <span class='ocrx_word' id='word_1_143' title='bbox 770 3182 822 3224; x_wconf 89' lang='lat' dir='ltr'>me</span> <span class='ocrx_word' id='word_1_144' title='bbox 845 3164 895 3223; x_wconf 93' lang='lat' dir='ltr'>vis</span> <span class='ocrx_word' id='word_1_145' title='bbox 919 3163 1036 3223; x_wconf 84' lang='lat' dir='ltr'>facere.</span> <span class='ocrx_word' id='word_1_146' title='bbox 1082 3164 1121 3223; x_wconf 91' lang='lat' dir='ltr'>Et</span> 
     </span>
     <span class='ocr_line' id='line_1_27' title="bbox 367 3261 1122 3324; baseline -0.001 -2"><span class='ocrx_word' id='word_1_147' title='bbox 367 3263 452 3324; x_wconf 91' lang='lat' dir='ltr'>sicut</span> <span class='ocrx_word' id='word_1_148' title='bbox 482 3274 559 3324; x_wconf 93' lang='lat' dir='ltr'>tunc</span> <span class='ocrx_word' id='word_1_149' title='bbox 591 3265 631 3324; x_wconf 92' lang='lat' dir='ltr'>de</span> <span class='ocrx_word' id='word_1_150' title='bbox 662 3262 769 3323; x_wconf 91' lang='lat' dir='ltr'>subita</span> <span class='ocrx_word' id='word_1_151' title='bbox 800 3263 1016 3323; x_wconf 88' lang='lat' dir='ltr'>conversione</span> <span class='ocrx_word' id='word_1_152' title='bbox 1048 3261 1122 3322; x_wconf 90' lang='lat' dir='ltr'>eius</span> 
     </span>
     <span class='ocr_line' id='line_1_28' title="bbox 366 3359 1122 3438; baseline 0 -18"><span class='ocrx_word' id='word_1_153' title='bbox 366 3360 541 3438; x_wconf 89' lang='lat' dir='ltr'>stupebant</span> <span class='ocrx_word' id='word_1_154' title='bbox 562 3378 679 3422; x_wconf 89' lang='lat' dir='ltr'>omnes</span> <span class='ocrx_word' id='word_1_155' title='bbox 701 3359 756 3437; x_wconf 91' lang='lat' dir='ltr'>qui</span> <span class='ocrx_word' id='word_1_156' title='bbox 780 3377 854 3420; x_wconf 92' lang='lat' dir='ltr'>eurn</span> <span class='ocrx_word' id='word_1_157' title='bbox 877 3371 1052 3420; x_wconf 88' lang='lat' dir='ltr'>noverant:</span> <span class='ocrx_word' id='word_1_158' title='bbox 1077 3359 1122 3420; x_wconf 92' lang='lat' dir='ltr'>ita</span> 
     </span>
     <span class='ocr_line' id='line_1_29' title="bbox 367 3459 1122 3534; baseline -0.001 -15"><span class='ocrx_word' id='word_1_159' title='bbox 367 3470 399 3519; x_wconf 93' lang='lat' dir='ltr'>et</span> <span class='ocrx_word' id='word_1_160' title='bbox 420 3477 507 3519; x_wconf 93' lang='lat' dir='ltr'>nunc</span> <span class='ocrx_word' id='word_1_161' title='bbox 524 3460 684 3520; x_wconf 89' lang='lat' dir='ltr'>mirantur</span> <span class='ocrx_word' id='word_1_162' title='bbox 698 3468 730 3518; x_wconf 88' lang='lat' dir='ltr'>et</span> <span class='ocrx_word' id='word_1_163' title='bbox 744 3459 886 3534; x_wconf 88' lang='lat' dir='ltr'>gaudent</span> <span class='ocrx_word' id='word_1_164' title='bbox 901 3459 941 3518; x_wconf 91' lang='lat' dir='ltr'>de</span> <span class='ocrx_word' id='word_1_165' title='bbox 959 3459 1031 3518; x_wconf 90' lang='lat' dir='ltr'>eius</span> <span class='ocrx_word' id='word_1_166' title='bbox 1047 3459 1122 3518; x_wconf 95' lang='lat' dir='ltr'>doc-</span> 
     </span>
     <span class='ocr_line' id='line_1_30' title="bbox 367 3556 1123 3632; baseline 0 -15"><span class='ocrx_word' id='word_1_167' title='bbox 367 3557 451 3617; x_wconf 90' lang='lat' dir='ltr'>trina</span> <span class='ocrx_word' id='word_1_168' title='bbox 466 3558 573 3618; x_wconf 89' lang='lat' dir='ltr'>cuncti</span> <span class='ocrx_word' id='word_1_169' title='bbox 591 3556 703 3618; x_wconf 89' lang='lat' dir='ltr'>mundi</span> <span class='ocrx_word' id='word_1_170' title='bbox 726 3556 902 3631; x_wconf 65' lang='lat' dir='ltr'>sapientes</span> <span class='ocrx_word' id='word_1_171' title='bbox 923 3556 1123 3632; x_wconf 89' lang='lat' dir='ltr'>ubicumque</span> 
     </span>
     <span class='ocr_line' id='line_1_31' title="bbox 331 3654 1124 3718; baseline -0.003 -2"><span class='ocrx_word' id='word_1_172' title='bbox 331 3655 523 3718; x_wconf 80' lang='lat' dir='ltr'>aoChristus</span> <span class='ocrx_word' id='word_1_173' title='bbox 540 3655 638 3716; x_wconf 84' lang='lat' dir='ltr'>fuerit</span> <span class='ocrx_word' id='word_1_174' title='bbox 652 3654 849 3715; x_wconf 76' lang='lat' dir='ltr'>nominatus,</span> <span class='ocrx_word' id='word_1_175' title='bbox 873 3654 996 3714; x_wconf 89' lang='lat' dir='ltr'>Idcirco</span> <span class='ocrx_word' id='word_1_176' title='bbox 1013 3655 1124 3715; x_wconf 89' lang='lat' dir='ltr'>divina</span> 
     </span>
    </p>
   </div>
   <div class='ocr_carea' id='block_1_3' title="bbox 368 3752 1122 3897">
    <p class='ocr_par' dir='ltr' id='par_1_7' title="bbox 368 3752 1122 3897">
     <span class='ocr_line' id='line_1_32' title="bbox 368 3752 1122 3814; baseline 0.001 -1"><span class='ocrx_word' id='word_1_177' title='bbox 368 3754 500 3814; x_wconf 87' lang='lat' dir='ltr'>caritate</span> <span class='ocrx_word' id='word_1_178' title='bbox 536 3770 715 3813; x_wconf 87' lang='lat' dir='ltr'>accensus:</span> <span class='ocrx_word' id='word_1_179' title='bbox 751 3769 866 3811; x_wconf 90' lang='lat' dir='ltr'>omnes</span> <span class='ocrx_word' id='word_1_180' title='bbox 902 3752 941 3811; x_wconf 90' lang='lat' dir='ltr'>ad</span> <span class='ocrx_word' id='word_1_181' title='bbox 977 3769 1122 3814; x_wconf 90' lang='lat' dir='ltr'>amorem</span> 
     </span>
     <span class='ocr_line' id='line_1_33' title="bbox 731 3856 758 3897; baseline 0 0"><span class='ocrx_word' id='word_1_182' title='bbox 731 3856 758 3897; x_wconf 79' lang='lat' dir='ltr'>ao</span> 
     </span>
    </p>
   </div>
   <div class='ocr_carea' id='block_1_4' title="bbox 295 2432 356 2472">
    <p class='ocr_par' dir='ltr' id='par_1_8' title="bbox 295 2432 356 2472">
     <span class='ocr_line' id='line_1_34' title="bbox 295 2432 356 2472; baseline 0.016 -1"><span class='ocrx_word' id='word_1_183' title='bbox 295 2432 356 2472; x_wconf 70' lang='lat' dir='ltr'>noia</span> 
     </span>
    </p>
   </div>
   <div class='ocr_carea' id='block_1_5' title="bbox 0 0 1356 4659">
    <p class='ocr_par' dir='ltr' id='par_1_9' title="bbox 0 0 1356 4659">
     <span class='ocr_line' id='line_1_35' title="bbox 0 0 1356 4659; baseline 0 0"><span class='ocrx_word' id='word_1_184' title='bbox 0 0 1356 4659; x_wconf 95' lang='lat' dir='ltr'> </span> 
     </span>
    </p>
   </div>
  </div>
 </body>
</html>
