2692 4659
368 681 529 733 mm
547 679 615 722 vita
631 678 795 723 LIDEWIGIS
811 678 948 723 VIRGINIS
968 679 1128 733 ffiffi

368 814 544 890 respondit.
582 814 688 875 Dicite
708 814 787 875 mihi
806 814 893 874 unde
909 823 1021 875 tantus
1037 830 1129 874 umor

367 911 400 971 in
427 912 494 972 vite
522 912 688 988 provenit:
721 929 804 989 quae
825 920 973 988 tempore
996 912 1126 973 hiemali

367 1009 456 1068 arida
491 1019 523 1069 et
552 1010 645 1087 quasi
680 1020 807 1069 mortua
845 1018 987 1085 apparet.
1042 1010 1126 1071 Con·

369 1107 546 1168 lortabatur
573 1118 681 1168 autent
704 1108 798 1168 valde
823 1107 914 1184 virgo
938 1107 1066 1168 Christi
1094 1108 1125 1168 in

345 1222 504 1282 scorpore
535 1215 599 1266 tarn
622 1205 720 1265 debili
744 1222 784 1264 ex
808 1205 894 1264 bona
915 1205 1125 1266 meditatione

368 1304 408 1363 de
431 1306 502 1363 Deo
530 1314 713 1379 assumpta3
745 1312 777 1362 et
810 1302 911 1362 multo
943 1303 1019 1380 plus
1051 1304 1124 1363 inde

369 1400 591 1462 reficiebatur:
613 1418 711 1478 quarn
741 1400 859 1477 aliquis
889 1416 929 1460 ex
959 1400 1124 1477 pretiosis·
1164 1418 1165 1423 ¹

368 1499 461 1559 simis
484 1499 575 1559 cibis.
608 1499 647 1559 Et
662 1498 725 1558 nisi
749 1498 917 1558 hominurn
941 1498 1124 1575 praesentia

368 1607 400 1657 et
422 1596 627 1656 infirmitates
656 1614 736 1656 suae
766 1613 836 1655 earn
860 1595 1123 1671 impedivissent:

334 1712 358 1752 io
368 1712 433 1754 non
450 1695 567 1754 fuisset
582 1694 696 1754 mirata
711 1694 738 1753 si
750 1703 882 1770 propter
896 1693 1122 1753 abundantiam

368 1792 497 1852 divinae
519 1793 640 1869 gratiae
662 1810 722 1868 per
743 1792 890 1868 singulos
913 1809 1064 1867 menses,
1093 1791 1123 1850 in

368 1908 504 1965 corpore
527 1891 611 1951 ultra
633 1890 842 1966 capacitatem
858 1889 947 1948 vasis
964 1889 1123 1949 Hambur·

367 1989 479 2064 gensis
502 2005 618 2049 carnes
641 1989 829 2049 enutrisset.

408 2085 559 2162 Quodam
583 2086 681 2146 etiam
703 2095 851 2161 ternpore
873 2093 948 2144 ante
963 2093 1059 2162 caput
1081 2084 1122 2144 ie-

335 2183 448 2244 rsiunii
493 2184 680 2244 ludentibus
722 2181 911 2242 hominibus
946 2183 979 2242 in
1020 2182 1123 2258 platea

368 2281 455 2341 circa
490 2281 640 2341 cellulam
678 2280 767 2355 eius,
802 2280 940 2339 multum
977 2280 1017 2339 de
1053 2278 1122 2339 istis

368 2379 564 2439 vanitatibus
593 2379 712 2454 doluit;
744 2378 913 2454 oravitque
945 2377 983 2437 ad
1015 2377 1122 2437 Domi·

368 2494 445 2536 num
469 2488 503 2537 ut
525 2478 552 2536 si
571 2478 633 2537 sibi
656 2477 809 2554 placitum
834 2477 917 2537 foret
939 2476 979 2535 de
1003 2493 1051 2550 ea,
1073 2475 1122 2535 vel

368 2574 395 2632 si
419 2575 489 2650 ipse
505 2592 588 2651 quae
611 2575 792 2652 patiebatur
812 2575 898 2634 circa
919 2591 990 2634 earn
1015 2590 1123 2649 opera·

332 2683 473 2733 2oretur:
506 2674 567 2732 hoc
598 2672 660 2732 sibi
693 2689 752 2747 per
779 2689 883 2732 novae
912 2670 1123 2748 aegritudinis

368 2770 496 2846 signum
514 2771 688 2831 ostendere
704 2770 900 2845 dignaretur.
933 2768 1041 2830 Cuius
1057 2785 1122 2828 ora·

369 2868 475 2928 tiones
499 2868 661 2928 Dominus
699 2867 893 2927 exaudiens:
929 2866 1061 2926 tradidit
1095 2864 1122 2924 ei

369 2966 401 3026 in
425 2984 489 3026 uno
512 2984 607 3026 crure
629 2983 746 3025 novam
777 2963 947 3024 molestiae
975 2982 1122 3041 poenam.

369 3062 444 3139 Quo
460 3063 591 3139 quidem
613 3062 820 3122 incommodo
844 3061 1003 3137 usquead
1020 3061 1124 3139 proxi·

331 3178 457 3220 asinum
490 3162 611 3237 pascha
642 3170 707 3220 tam
738 3159 880 3236 graviter
902 3170 1018 3220 vexata
1050 3161 1123 3220 fuit:

368 3260 454 3335 quod
484 3260 632 3336 propriae
662 3257 859 3318 infirmitatis
881 3257 1032 3333 conscia,
1061 3275 1124 3317 non

368 3356 506 3416 audebat
520 3356 661 3433 amplius
678 3366 789 3432 petere
812 3354 1038 3416 infirmitatum
1054 3374 1125 3417 sua-

368 3471 439 3513 rum
463 3464 643 3530 augmenta.
676 3453 807 3514 Solebat
828 3465 936 3513 tamen
960 3453 1072 3514 dicere
1094 3454 1125 3513 in

368 3552 540 3611 cotidianis
562 3551 805 3611 infirmitatibus
828 3551 1125 3628 suis-quibusdam

331 3650 429 3710 sosibi
461 3650 662 3710 familiariter
684 3649 880 3709 astantibus:
903 3648 990 3725 quod
1022 3651 1127 3710 adhuc

369 3765 425 3806 eas
447 3747 585 3806 libenter
607 3747 706 3807 vellet
728 3746 892 3806 sustinere
915 3746 1128 3825 quadraginta

727 3852 767 3892 aaa
