2692 4659
269 690 1030 745 mwffimssmlmfflffiww

269 825 426 885 timentes
455 842 496 885 ne
525 825 552 884 si
581 825 722 902 amplius
753 842 793 885 ex
822 824 1028 900 indignorum

268 933 405 1000 aspectu
428 924 599 983 obscurata
622 923 749 997 luisset,
771 921 824 981 alii
845 921 922 981 inde
937 937 1029 980 scan-

269 1021 503 1081 dalizarentur.

268 1226 327 1285 DE
352 1222 618 1285 REVERENDA
641 1223 897 1285 SEPVLTVRA
923 1223 1028 1284 EIVS.

492 1372 699 1423 cnmrvuvu
718 1373 807 1422 xxxi
1038 1380 1051 1419 s

267 1446 514 1671 {ffimm
548 1510 629 1569 feria
660 1521 752 1571 sexta
783 1510 868 1570 inira
898 1519 1028 1570 octavas

413 1609 554 1686 paschae
590 1608 807 1684 adveniente,
848 1625 932 1684 quae
969 1608 1029 1667 luit

267 1715 384 1782 quarta
406 1707 477 1766 dies
498 1724 516 1765 a
540 1705 626 1766 ielici
649 1706 787 1766 transitu
810 1705 882 1766 eius
898 1706 936 1765 de
953 1722 1029 1764 con-

267 1804 354 1863 valle
376 1803 567 1880 plorationis
589 1813 621 1863 et
644 1815 794 1864 terrenae
820 1804 1028 1864 habitationis

267 1901 429 1977 claustro;
459 1911 533 1977 post
561 1901 738 1960 missarum
771 1901 943 1961 sollemnia
975 1902 1027 1961 de·
1039 1916 1064 1955 ro

267 2000 440 2060 votissime
456 1998 618 2059 celebrata
635 1998 751 2058 tradita
766 2008 816 2058 est
831 1999 1028 2074 sepulturae,

268 2099 350 2158 hora
372 2097 565 2156 duodecima
587 2098 766 2157 meridiano
787 2099 857 2158 sole
874 2098 1028 2175 fulgente,

268 2204 300 2254 et
312 2195 353 2254 ad
368 2194 433 2253 ima
444 2194 496 2254 die
511 2196 723 2255 decurrente:
740 2196 888 2271 exemplo
901 2196 1026 2257 Christi

268 2292 324 2369 qui
356 2302 447 2352 sexta
469 2293 550 2352 feria
571 2310 706 2370 passus,
734 2294 814 2353 hora
836 2310 922 2354 nona
943 2311 1028 2353 mor·

267 2399 357 2463 tuus,
372 2399 447 2449 ante
462 2390 542 2449 solis
555 2407 708 2450 occasum
725 2400 774 2450 est
790 2392 948 2467 sepultus.
977 2390 1027 2452 Ad
1039 2407 1063 2448 ts

267 2489 364 2548 cuius
387 2489 542 2565 exequias
558 2491 771 2550 celebrandas
786 2489 878 2549 affuit
900 2490 1028 2566 religio-

266 2604 326 2646 sus
357 2596 449 2662 pater
472 2587 612 2646 ludocus
641 2588 731 2663 prior
760 2587 956 2664 regularium
986 2589 1026 2648 de

268 2684 407 2759 Brielis3
422 2684 477 2760 qui
493 2685 625 2760 saepius
640 2703 714 2745 cum
727 2703 765 2745 ea
779 2686 909 2745 vivente
922 2685 1027 2745 iuerat

267 2781 472 2841 familiariter
494 2783 639 2842 locutus:
669 2793 702 2842 et
731 2783 822 2858 plura
846 2782 1027 2842 sanctitatis

266 2879 339 2938 eius
355 2896 473 2938 arcana
487 2880 646 2957 sagaciter
657 2889 821 2955 expertus.
847 2880 909 2939 Hic
923 2881 1062 2940 suasitao

265 2994 324 3052 pro
355 2977 499 3037 meliori:
528 2988 560 3037 et
589 2979 779 3037 hortabatur
806 2978 961 3052 populum
991 2988 1026 3037 ut

266 3074 446 3134 christiano
469 3092 559 3134 more
583 3074 735 3134 famulam
755 3075 814 3134 Dei
839 3083 1027 3150 paterentur

266 3172 411 3249 sepeliri.
463 3172 525 3231 His
561 3172 657 3232 dictis
694 3172 823 3231 devotio
861 3174 1025 3249 popularis

266 3270 366 3346 priori
390 3270 575 3346 consensit3
604 3283 636 3330 et
658 3270 767 3330 statim
795 3270 834 3329 ab
857 3288 895 3330 eo
918 3289 1026 3331 sarco-

266 3372 371 3446 phago
383 3368 519 3429 tirmiter
529 3369 679 3428 obserato
689 3387 697 3427 ε
709 3386 828 3443 corpus
839 3386 951 3429 sacrae
962 3370 1025 3429 vir·
1034 3386 1060 3427 25

266 3469 351 3544 ginis
368 3466 499 3528 tradidit
520 3468 708 3543 sepulturae
731 3469 881 3543 exemplo
898 3467 1024 3529 Christi

268 3565 385 3642 sepulti
414 3565 448 3624 in
477 3564 574 3624 corde
597 3574 721 3640 terrae3
750 3565 868 3625 iterum
891 3567 930 3625 ab
953 3565 1024 3641 ipso

269 3664 528 3724 resuscitandum
545 3663 577 3722 in
593 3663 775 3723 novissimo
792 3664 860 3723 die:
876 3682 913 3724 ac
927 3664 1024 3741 glori-

270 3758 427 3821 licandum
444 3779 518 3820 cum
534 3762 656 3821 sanctis
671 3763 824 3822 omnibus
841 3763 873 3822 in
892 3773 1023 3824 aeterna

626 3866 666 3907 447
