2692 4659
312 694 473 747 ww
500 694 663 738 SERMONES
678 695 718 737 ΑΙ)
735 696 884 739 NOVlClOS
909 697 1074 751 &ww

314 828 495 889 litterarum
526 828 644 889 studiis
667 828 815 905 eligatis:
846 830 996 891 meditari
1021 833 1074 893 die

313 943 350 986 ac
371 936 468 987 nocte
490 927 599 986 Iesum
620 926 823 999 crucifixum,
844 944 903 1002 pro
919 930 1075 990 omnibus

313 1024 408 1084 nobis
430 1025 462 1083 in
486 1041 584 1084 cruce
606 1024 825 1100 immolatum,
855 1034 887 1085 et
915 1026 948 1085 in
972 1028 1075 1088 caelis

313 1124 492 1185 elevatum:
524 1133 559 1184 ut
589 1132 656 1184 tota
687 1141 763 1199 spes
794 1134 904 1184 vestra
938 1142 1074 1185 sursum

290 1223 422 1282 5tendat
451 1222 484 1281 in
513 1222 620 1298 ipsum
643 1238 745 1297 super
766 1221 874 1281 omnia
896 1224 1074 1283 amandum

313 1329 345 1380 et
367 1320 573 1379 laudandum.
610 1318 755 1396 Ideoque
777 1337 835 1395 pro
858 1319 929 1395 ipso
952 1321 1018 1395 pati
1043 1331 1076 1381 et

314 1415 438 1493 fatigari
451 1416 484 1476 in
501 1417 572 1477 eius
588 1417 737 1478 servitio:
753 1417 910 1492 reputetis
926 1435 984 1493 pro
1002 1420 1076 1478 the-

313 1532 409 1575 sauro
425 1515 565 1575 maximo
588 1516 622 1575 in
644 1532 720 1591 agro
743 1524 874 1574 sanctae
893 1516 1001 1575 crucis
1025 1517 1075 1576 in·

312 1622 421 1674 vento.
463 1613 634 1674 Meditatio
664 1630 800 1689 operum
823 1613 1009 1674 divinorum
1042 1626 1075 1676 et

279 1727 502 1771 rosermonum
533 1710 658 1772 Christi
689 1711 896 1771 dulcedinem
925 1712 1009 1786 parit
1042 1722 1075 1772 et

313 1809 484 1885 laetitiam3
520 1809 616 1869 lidem
653 1810 802 1883 roborat,
838 1826 930 1885 spem
967 1810 1073 1887 erigit,

313 1908 545 1984 caritatemque
576 1907 609 1967 in
641 1908 739 1967 corde
770 1906 937 1967 accendit:
973 1922 1071 1981 quam

312 2023 349 2065 se
371 2006 520 2066 daturum
543 2005 695 2065 lidelibus
724 2004 794 2065 suis
819 2004 889 2080 ipse
910 2004 1071 2079 promisit.

314 2103 378 2163 Sed
393 2103 524 2164 invidus
540 2104 689 2163 diabolus
704 2102 759 2180 qui
776 2102 947 2164 Christum
968 2110 1070 2177 temp·

279 2210 381 2261 rstare
397 2202 544 2277 audebat,
566 2211 598 2261 et
612 2201 861 2277 persecutiones
880 2201 914 2260 in
930 2200 1070 2260 ecclesia

314 2300 445 2375 saepius
481 2300 670 2375 suscitavit,
710 2317 746 2358 ac
783 2299 902 2359 multos
938 2307 1069 2358 sanctos

313 2397 459 2472 vexavit3
480 2398 585 2457 adhuc
607 2414 673 2457 non
697 2405 803 2456 cessat
822 2395 997 2455 molestare
1017 2396 1070 2454 de-

313 2505 423 2555 votos:
445 2495 587 2555 taedium
603 2494 680 2554 boni
703 2495 868 2571 ingerens,
890 2502 922 2553 et
937 2492 1068 2552 claustri

313 2592 453 2668 rigorem
476 2593 681 2652 dissuadens,
712 2593 786 2652 Heu
802 2592 918 2651 callida
939 2591 1070 2666 instiga-

276 2690 401 2750 aotione
416 2691 536 2751 multos
552 2690 672 2766 decipit
687 2706 746 2765 per
760 2690 877 2749 blanda
897 2699 928 2749 et
944 2690 1070 2749 mollia:

312 2797 412 2849 terret
433 2806 493 2866 per
513 2790 593 2849 dura
615 2798 647 2848 et
668 2804 794 2863 aspera.
834 2788 1069 2847 Verumtamen

313 2888 448 2949 Christo
464 2887 639 2948 auxiliante
655 2903 721 2945 non
738 2886 902 2945 nocebunt
919 2885 984 2945 tela
999 2886 1070 2945 eius

312 2985 531 3062 nequissima3
559 2985 617 3044 sed
642 2992 738 3043 erunt
768 2983 895 3043 fortiter
916 2982 1071 3042 dimican-

311 3084 398 3144 tibus
421 3094 452 3144 et
473 3082 611 3143 viriliter
632 3081 862 3141 resistentibus
884 3080 917 3139 in
940 3080 1069 3140 laudem

275 3191 344 3241 atet
365 3179 517 3257 gloriam:
540 3190 572 3239 et
587 3179 715 3239 diabolo
733 3179 771 3239 ad
787 3187 977 3254 perpetuam
994 3195 1069 3238 con·

314 3279 477 3339 lusionem
500 3288 532 3339 et
546 3295 695 3354 poenam.
724 3276 752 3336 Α
776 3276 871 3336 cuius
893 3276 1020 3352 laqueis
1038 3287 1070 3335 et

313 3377 481 3436 fraudibus
516 3394 577 3436 nos
612 3392 743 3452 semper
779 3375 939 3435 custodiat
976 3374 1070 3434 lesus

313 3473 487 3535 Christus:
528 3473 582 3549 qui
619 3482 668 3533 est
704 3474 743 3532 ad
779 3474 923 3534 dextram
964 3471 1069 3532 Patris

312 3588 412 3647 super
427 3571 536 3631 omnia
550 3571 642 3630 Deus
663 3570 856 3631 benedictus
878 3570 912 3629 in
927 3570 1069 3630 saecula.

275 3668 429 3728 sollmen.
