2692 4659
311 696 472 749 mom
491 696 558 739 vim
575 686 739 739 uluswisrs
755 695 894 739 vmcmrs
911 697 1068 749 msam

313 848 390 907 ergo
419 830 669 905 potentissimus
698 830 764 890 dux
792 830 825 890 in
853 830 967 890 multis
997 830 1068 890 civi·

313 929 432 989 tatibus
454 928 635 989 honorilice
658 938 747 989 esset
768 939 961 1005 susceptus:
984 928 1068 990 venit

313 1026 441 1086 tandem
454 1026 541 1086 circa
552 1026 671 1086 festum
688 1035 874 1086 sanctorum
891 1037 1067 1105 martyrum

313 1122 478 1184 Gereonis
500 1135 532 1185 et
543 1123 688 1184 Victoris
709 1124 748 1183 ad
769 1124 933 1185 civitatem
959 1125 1068 1185 Schle-

289 1220 396 1295 5dam‚
419 1219 471 1280 ubi
495 1220 647 1281 similiter
661 1238 679 1279 a
695 1220 822 1280 civibus
842 1231 892 1281 est
908 1233 1067 1299 receptus.

314 1318 392 1378 Post
414 1317 627 1377 relectionem
652 1317 750 1393 igitur
771 1318 915 1394 prandii,
940 1320 1065 1396 quidam

314 1425 347 1474 ut
370 1415 478 1475 lerunt
500 1415 617 1475 medici
640 1425 672 1475 et
692 1415 865 1492 chirurgici
889 1417 929 1477 de
952 1418 1068 1478 familia

313 1514 406 1573 ducis
428 1514 593 1590 praedicti,
615 1524 825 1574 accesserunt
847 1516 886 1574 ad
902 1516 1066 1575 dominum

315 1612 491 1671 Iohannem
508 1610 624 1689 Angeli
647 1621 794 1671 curatum
817 1613 997 1689 ecclesiae3
1019 1631 1066 1690 pe-

279 1710 499 1786 rotieruntque
529 1709 569 1768 ab
600 1726 639 1769 eo
668 1719 703 1769 ut
738 1710 777 1769 ad
809 1710 941 1770 domum
973 1711 1066 1770 huius

313 1806 448 1883 virginis
470 1824 528 1866 eos
547 1807 777 1867 introduceret.
814 1808 879 1885 Qui
897 1808 980 1868 nihil
996 1808 1065 1869 mali

313 1906 353 1965 de
384 1905 432 1965 eis
462 1904 664 1981 suspicatus:
694 1905 841 1981 petitioni
873 1923 989 1966 eorum
1020 1924 1065 1966 ac·

312 2002 445 2080 quievit.
476 2003 647 2079 Ingressus
668 2002 766 2079 igitur
785 2020 858 2062 curn
882 2002 931 2062 eis
954 2005 993 2064 ad
1009 2005 1065 2063 vir·

312 2100 438 2178 ginem‚
473 2100 750 2177 subsequentibus
787 2100 919 2160 famulis
955 2119 1063 2162 eorum

279 2219 303 2259 15
313 2198 458 2258 moribus
478 2198 721 2274 incompositis;
744 2215 817 2257 cum
840 2200 1017 2259 tumultum
1033 2200 1064 2259 il·

313 2297 417 2355 lorum
434 2313 644 2373 compescere
661 2296 820 2356 niteretur
834 2314 876 2356 ne
889 2297 950 2357 Dei
969 2299 1064 2359 lamu-

313 2396 374 2454 lam
411 2396 638 2455 molestarent:
675 2394 720 2454 illi
757 2394 964 2471 indignanter
995 2413 1063 2456 eum

313 2492 520 2568 repellentes,
542 2509 692 2551 seorsum
715 2491 804 2551 abire
820 2492 999 2569 iusserunt,
1021 2494 1063 2553 in·

313 2592 450 2649 honesta
464 2590 563 2649 verba
586 2589 624 2648 de
648 2589 719 2665 ipso
743 2607 816 2649 cum
840 2606 878 2648 ea
900 2589 1063 2652 iactantes.

276 2688 435 2747 zolllansit
457 2696 564 2747 tamen
587 2697 719 2747 curatus
734 2686 765 2746 in
783 2687 865 2746 cella
887 2687 960 2747 eius
983 2701 1063 2750 stare

313 2803 413 2861 prope
429 2787 544 2845 altare:
560 2785 662 2845 tristis
678 2785 757 2845 satis
773 2795 804 2845 et
820 2786 990 2847 confusus.
1020 2786 1062 2847 llli

313 2899 390 2942 vero
419 2881 565 2958 perversi
596 2891 630 2941 ut
653 2900 724 2943 eam
748 2899 831 2959 quae
860 2883 892 2942 in
924 2884 1063 2944 tenebris

313 2980 436 3040 iacebat
451 2980 696 3056 conspicerent:
713 2981 870 3041 cortinam
887 2992 1063 3055 removent,

313 3079 478 3138 candelam
491 3079 689 3155 accendunt3
701 3089 732 3139 et
743 3080 846 3140 ablato
863 3080 1063 3156 operimento

276 3193 376 3253 zsquo
399 3176 489 3253 virgo
511 3177 689 3253 hydropica
717 3177 900 3254 tegebatur,
923 3190 1062 3239 sanctam

313 3274 442 3349 penitus
465 3275 646 3335 denudant:
669 3292 727 3351 pro
750 3275 842 3334 dolor
864 3292 925 3334 nec
949 3277 1064 3348 Deum,

313 3388 373 3431 nec
384 3372 527 3448 angelos,
542 3389 650 3448 neque
660 3371 829 3431 hominum
846 3374 1061 3448 praesentiam

314 3480 511 3530 reverentes.
549 3472 639 3530 Haec
668 3488 742 3530 cum
766 3469 832 3530 lilia
861 3471 972 3532 fratris
995 3473 1062 3532 eius

314 3568 490 3628 Petronilla
511 3569 602 3644 virgo
624 3569 799 3629 iuvencula
821 3569 980 3646 obsequio
1004 3571 1062 3630 vir·

276 3686 303 3726 ao
312 3666 397 3740 ginis
419 3666 526 3727 dedita
548 3667 691 3740 videret,
713 3666 893 3743 aegerrime
916 3668 1005 3728 tulit:
1034 3676 1062 3726 et

313 3765 383 3823 zelo
401 3764 461 3823 Dei
484 3780 632 3839 accensa,
655 3764 781 3824 fortiter
796 3781 832 3823 se
855 3764 921 3824 illis
937 3765 1061 3837 obiecit,

667 3869 708 3909 auo
