2692 4659
367 545 529 597 mm
557 544 720 587 SERMONES
735 545 776 586 Ab
793 545 942 588 Novtctos
967 546 1133 600 {emm

369 693 434 736 non
458 678 549 737 dabo.
593 678 682 755 Quid
704 696 782 755 ergo
805 679 953 740 dicemus
975 680 1015 739 ad
1038 683 1132 756 haec,

369 775 423 851 qui
446 775 528 835 nihil
550 785 605 836 aut
619 793 733 853 parum
755 776 832 837 boni
854 777 1008 853 facimus3
1031 787 1063 837 et
1085 787 1130 837 ta·

368 890 444 932 men
465 874 596 950 gloriari
620 884 652 934 et
674 874 797 934 laudari
814 874 992 951 cupimus?
1022 875 1131 935 Foeda

368 988 421 1030 res
443 971 593 1031 omnino:
617 972 759 1048 reputari
781 973 868 1032 velle
890 972 930 1032 de
952 972 1128 1032 virtutibus

344 1085 449 1145 squas
471 1086 536 1128 non
565 1069 735 1129 habemus.
779 1070 1016 1147 Relinquamus
1043 1071 1127 1130 hanc

367 1166 559 1243 vanitatem3
590 1184 769 1244 sequamur
799 1177 930 1227 sanctos
961 1168 1128 1242 apostolos

368 1274 399 1324 et
420 1266 607 1341 prophetas,
629 1263 778 1341 quivere
801 1264 903 1324 sancti
924 1264 1073 1324 fuerunt:
1096 1273 1128 1324 et

366 1371 475 1421 tamen
497 1362 579 1421 nihil
601 1361 662 1421 sibi
686 1361 726 1421 de
749 1362 919 1422 sanctitate
942 1362 1000 1422 sed
1022 1370 1126 1422 totum

368 1460 438 1518 Deo
460 1459 686 1519 attribuerunt.

333 1578 357 1617 ro
408 1557 547 1633 Quando
562 1557 661 1635 igitur
681 1557 816 1634 gloriam
834 1557 895 1617 Dei
918 1567 950 1617 et
964 1559 1125 1617 honorem

367 1655 555 1729 quaerimus
570 1663 603 1715 et
617 1656 657 1715 de
672 1656 825 1715 omnibus
840 1655 935 1715 bonis
950 1655 1045 1714 nobis
1062 1655 1128 1715 ool·

366 1752 440 1811 latis
461 1752 580 1827 gratias
602 1753 631 1812 ei
648 1770 730 1830 pure
746 1762 778 1813 et
792 1754 918 1829 integre
940 1753 1128 1828 reddimus3

366 1859 443 1909 tunc
459 1868 589 1909 sursum
603 1869 676 1911 cum
688 1852 813 1929 angelis
829 1852 861 1911 in
873 1852 999 1911 caelum
1011 1868 1127 1910 ascen·

367 1948 490 2008 dimus:
513 1949 567 2024 qui
591 1949 624 2008 in
640 1949 807 2009 nativitate
823 1948 949 2010 Christi
965 1948 1069 2025 gloria
1091 1948 1125 2008 in

333 2046 507 2109 rsexcelsis
530 2047 600 2105 Deo
623 2055 845 2105 cantaverunt.
889 2045 1028 2121 Quando
1044 2062 1125 2104 vero

366 2143 496 2203 inanem
518 2144 653 2220 gloriam
677 2144 717 2203 de
737 2143 844 2219 aliquo
859 2144 945 2202 bono
969 2143 1049 2203 foris
1071 2160 1127 2218 ap·

366 2241 518 2317 petimus,
540 2251 594 2300 aut
616 2241 711 2300 nobis
733 2241 814 2316 ipsis
836 2240 924 2301 intus
946 2242 1127 2317 placemus

366 2350 398 2399 et
419 2340 492 2415 plus
514 2339 735 2415 ponderamus
765 2355 865 2414 opera
892 2348 1003 2398 nostra
1025 2356 1124 2416 quam

366 2437 541 2512 debemus3
562 2446 639 2496 tunc
662 2452 798 2495 veraces
820 2452 885 2494 non
909 2454 1039 2511 sumus,
1062 2453 1124 2495 nec

329 2535 398 2597 aoin
421 2536 557 2595 veritate
579 2534 742 2608 humileS,
767 2534 824 2593 sed
847 2532 979 2609 superbi
1003 2542 1035 2592 et
1057 2532 1126 2591 ina·

364 2650 440 2692 nes:
465 2634 535 2692 Deo
558 2632 714 2708 despecti,
736 2632 861 2707 angelis
883 2630 1064 2708 reprobati,
1093 2640 1126 2690 et

365 2732 517 2791 omnibus
539 2730 661 2791 sanctis
684 2730 824 2790 alienati.
866 2730 961 2789 Vnde
983 2746 1023 2788 ex
1046 2728 1126 2788 vitio

365 2829 516 2888 elationis
537 2829 622 2888 infra
650 2846 711 2888 nos
741 2829 886 2888 cadimus
916 2836 947 2886 et
969 2826 1125 2902 paulatim

364 2925 493 2985 inferno
516 2926 831 3002 appropinquamus;
860 2924 936 3002 quia
958 2923 1126 2983 daemoni-

328 3024 426 3087 asbus
449 3034 480 3083 et
502 3024 662 3083 damnatis
684 3023 914 3097 assimilamur,
936 3021 990 3099 qui
1016 3022 1124 3081 Deum

365 3139 430 3180 non
453 3131 562 3180 amant
582 3138 644 3180 nec
659 3121 809 3180 laudant:
831 3137 892 3179 nec
907 3119 1044 3196 gloriam
1062 3119 1123 3179 Dei

365 3219 578 3295 contemplari
610 3219 730 3279 valent.
783 3219 821 3278 Et
857 3218 932 3295 quia
963 3218 1124 3277 honorem

366 3318 436 3376 Deo
468 3317 612 3376 debiturn
644 3334 710 3376 non
740 3316 894 3375 exhibent
923 3332 984 3373 nec
1007 3325 1124 3391 sponte

365 3431 439 3473 cum
462 3415 584 3474 sanctis
606 3432 643 3473 se
672 3414 861 3488 humiliant3
890 3413 949 3473 sed
971 3413 1123 3474 Creatori

328 3529 425 3571 aosuo
448 3529 603 3587 perverse
626 3522 658 3571 et
680 3512 820 3587 superbe
842 3511 1015 3572 resistunt:
1038 3512 1124 3572 iusto

367 3609 427 3667 Dei
451 3609 572 3669 iudicio
604 3627 743 3686 poenam
776 3610 969 3670 infernalem
1002 3611 1124 3687 ubique

731 3715 758 3755 or
