2692 4659
265 707 594 761 emmenum
630 709 679 751 11⁹
710 710 1031 764 remeamus

267 843 333 901 bus
361 860 420 918 pro
447 841 639 903 defensione
662 842 810 903 infirmae
840 853 1032 904 materterae

269 956 355 999 suae
384 947 420 999 ut
441 939 621 1014 praelatum
652 949 703 1000 est
732 957 768 999 se
791 941 958 1016 opposuit,
989 958 1031 1001 ne

270 1037 483 1097 innocentem
513 1037 689 1097 laederent.
720 1038 823 1097 Valde
845 1036 932 1097 enim
956 1055 1031 1097 con·

271 1134 378 1195 doluit
410 1151 483 1194 cum
517 1152 555 1195 ea
583 1152 666 1211 quae
698 1136 903 1210 laedebatur3
934 1144 1030 1211 atque

271 1233 388 1308 plures
418 1249 535 1308 graves
573 1232 789 1292 contumelias
825 1242 857 1292 et
888 1241 1055 1292 terroress

271 1329 429 1403 audienS,
464 1328 627 1389 laesiones
664 1329 760 1388 etiam
798 1330 984 1405 corporales
1013 1348 1031 1389 a

272 1426 423 1487 Picardis
452 1427 576 1502 accepit
599 1437 630 1487 et
652 1427 825 1488 sustinuit:
854 1427 953 1486 itaut
976 1427 1029 1486 diu

271 1525 437 1584 infirmata
459 1533 596 1584 mortem
613 1542 653 1584 ex
669 1525 815 1585 laesione
838 1524 1030 1584 incurreret.

271 1620 361 1680 Ante
390 1620 485 1680 cuius
514 1621 636 1681 obitum
667 1622 780 1698 paucis
802 1622 917 1681 diebus
940 1639 1030 1697 prae-

271 1717 468 1779 cedentibus
489 1717 580 1795 virgo
604 1719 705 1796 Lydia
733 1719 765 1778 in
788 1736 903 1795 magna
931 1718 1067 1782 tribu-ro

271 1816 395 1877 latione
431 1815 552 1891 posita,
588 1826 619 1877 et
655 1834 694 1876 ex
726 1816 955 1892 persecutione
991 1818 1030 1877 ad

273 1916 382 1974 Deum
407 1915 585 1975 ferventior
600 1914 733 1975 effecta:
755 1916 852 1976 talem
868 1916 1029 1976 visionem

273 2011 406 2086 habuit,
441 2029 555 2071 verum
593 2011 797 2089 praesagium
836 2013 1029 2073 futurorum.

274 2109 425 2186 Quadam
449 2127 589 2187 namque
612 2120 709 2170 nocte
730 2110 763 2169 in
779 2128 917 2171 excessu
941 2128 1030 2171 men·

274 2207 316 2267 tis
325 2207 432 2283 posita
440 2208 568 2268 videbat
580 2209 774 2268 sollemnem
784 2209 1029 2284 processionem
1043 2228 1066 2268 ts

274 2304 397 2364 civium
409 2322 643 2382 supernorum3
654 2306 687 2366 in
699 2324 763 2383 qua
773 2306 935 2367 distinctis
947 2307 1030 2367 ordi-

274 2403 373 2464 nibus
388 2403 506 2480 singuli
519 2404 747 2479 procedebant,
763 2404 888 2465 scilicet
899 2406 1030 2481 patriar-

273 2503 356 2561 chae
388 2500 503 2576 simul,
537 2504 715 2578 prophetae
747 2502 862 2576 simul,
893 2502 1029 2578 apostoli

273 2616 348 2659 cum
372 2599 545 2673 apostolis:
568 2600 625 2659 sed
649 2609 681 2659 et
703 2610 873 2676 martyres
903 2600 1030 2659 confes·

273 2714 368 2757 sores
391 2705 487 2773 atque
508 2698 670 2774 virgines,
698 2699 886 2758 sacerdotes
913 2706 944 2756 et
967 2698 1066 2756 cle-ao

273 2794 331 2855 rici
356 2793 475 2870 singuli
499 2795 532 2855 in
555 2795 669 2855 ordine
693 2806 724 2856 et
746 2795 899 2873 dignitate
927 2804 1029 2854 status

272 2892 323 2952 sui
349 2892 523 2967 fulgebant.
557 2893 780 2953 Procedebant
798 2902 904 2952 autem
922 2892 962 2951 de
978 2908 1029 2951 ec·

273 2990 374 3050 clesia
389 2989 529 3049 civitatis
539 2989 816 3065 Schiedamensis,
832 2990 1028 3066 praeceden-

273 3088 361 3149 tibus
376 3104 467 3147 more
484 3087 580 3147 solito
598 3088 751 3148 crucibus
767 3098 799 3148 et
814 3088 1029 3148 luminaribus

273 3188 342 3247 sole
359 3184 480 3245 clarius
496 3184 702 3260 micantibus,
723 3186 964 3264 veniebantque
989 3185 1027 3246 ad
1038 3206 1065 3247 25

273 3284 393 3345 ostium
416 3281 532 3342 domus
562 3300 658 3358 suae,
688 3283 727 3343 de
749 3301 813 3360 qua
842 3284 941 3344 lunus
971 3287 1029 3345 tol-

274 3381 379 3441 lentes
390 3380 429 3439 ad
441 3379 615 3439 ecclesiam
631 3380 711 3440 illud
723 3381 923 3442 deserebant.
956 3384 1029 3459 Ipsa

275 3487 380 3538 autem
404 3478 495 3555 virgo
519 3478 618 3539 funus
640 3481 839 3557 sequebatur
861 3480 943 3540 datis
966 3480 1026 3540 sibi

277 3576 421 3652 coronis3
449 3593 586 3653 quarum
616 3595 713 3637 unam
741 3562 775 3637 ¹in
799 3578 903 3653 capite
924 3587 1028 3654 gesta·

278 3673 341 3734 bat:
360 3675 503 3751 reliquas
520 3674 665 3752 singulas
677 3676 710 3735 in
722 3676 860 3752 singulis
878 3676 1064 3736 manibusso

280 3773 412 3832 tenebat.
435 3771 485 3832 Ad
496 3790 533 3832 se
544 3772 791 3849 igiturreversa‚
803 3774 1028 3849 suspicabatur

629 3879 670 3920 sos
