2692 4659
240 656 564 709 ffi'ffiffiffi
588 655 658 697 xvlll
681 656 1001 708 &mmm

243 790 284 850 ad
309 808 432 866 poenas
454 790 642 850 infernales.
686 789 750 849 Sed
773 788 908 849 Christo
931 807 1004 849 auc-

244 899 318 949 tore
339 888 517 948 miserante
539 898 571 947 et
592 887 740 962 iuvante,
764 887 809 946 nil
832 889 1004 948 valuerunt

244 997 360 1047 contra
375 986 539 1063 virgineas
552 984 650 1060 acies,
665 983 824 1044 diabolica
839 985 1004 1061 ligmenta3

241 1102 307 1144 nec
339 1084 509 1144 hominum
542 1082 715 1158 impiorum
752 1082 912 1141 clamores
943 1099 1004 1141 nec

242 1192 459 1259 tyrannorum
481 1181 635 1240 verbera:
657 1195 719 1239 nec
738 1196 828 1239 arma
849 1179 1027 1240 minantia5

242 1289 379 1340 mortes.
412 1278 575 1355 Quoniam
599 1277 717 1337 caritas
741 1276 866 1338 Christi
890 1277 1005 1337 fortior

242 1376 334 1437 omni
366 1385 544 1450 armatura,
580 1374 709 1451 dignior
744 1375 832 1435 omni
869 1377 1005 1450 honore,

241 1475 414 1552 pulchrior
444 1474 532 1533 omni
570 1474 706 1548 decore,
741 1473 874 1533 suavior
916 1474 1003 1533 omni

243 1572 404 1633 melodia:
427 1582 490 1632 tam
507 1573 723 1631 vehementer
738 1573 869 1631 ardebat
891 1572 923 1631 in
942 1572 1005 1632 vir-

241 1671 352 1749 gineis
374 1671 527 1731 cordibus
549 1682 580 1732 et
596 1670 750 1730 femineis
772 1670 888 1729 turmis
911 1669 1003 1746 signo
1015 1690 1041 1729 ιο

242 1769 354 1829 crucis
368 1769 517 1844 armatis3
540 1779 573 1829 ut
595 1785 657 1828 nec
673 1768 766 1844 ignes
781 1785 842 1827 nec
858 1768 1004 1843 verbera,

242 1884 308 1927 nec
338 1866 460 1927 bestias
490 1883 551 1926 nec
583 1883 750 1940 carceres,
781 1882 842 1924 nec
875 1864 1005 1939 famem,

242 1981 308 2023 nec
330 1972 467 2023 mortem
489 1962 553 2039 pati
576 1962 746 2023 timerent:
769 1972 930 2038 quatenus
954 1960 1005 2021 lir-

244 2079 332 2122 mam
362 2061 459 2121 fidem
489 2071 521 2120 et
550 2060 707 2121 castitatis
732 2076 893 2136 gemmam
923 2077 1004 2135 puro

246 2159 347 2219 corde
369 2167 402 2218 et
430 2174 566 2234 corpore
596 2168 753 2233 perpetuo
776 2175 850 2217 cum
879 2159 1004 2218 honore
1016 2180 1041 2219 15

246 2257 280 2316 in
298 2256 396 2316 caelis
412 2256 629 2315 coronandam
646 2266 889 2315 conservarent.
914 2255 1004 2314 Haec

245 2354 345 2431 igitur
385 2354 553 2413 beatorum
596 2362 775 2429 martyrum
819 2351 1005 2426 certamina,

245 2462 502 2528 sanctorumque
538 2450 767 2510 confessorum
810 2451 938 2526 longam
974 2460 1006 2509 et

244 2551 360 2610 duram
383 2548 622 2623 abstinentiam,
644 2557 677 2608 et
692 2547 866 2623 praecipue
882 2557 1005 2607 sancta-

245 2665 320 2708 rum
349 2647 511 2723 virginum
543 2645 787 2719 castimoniam,
818 2644 1042 2720 patientiamzo

244 2764 283 2805 ac
313 2744 590 2821 perseverantiam
621 2744 660 2803 ad
692 2741 883 2802 imitandum
913 2742 1006 2801 vobis

244 2859 432 2921 proponere
448 2840 590 2901 debetis:
613 2852 644 2900 et
666 2841 705 2899 ad
725 2839 944 2899 resistendum
961 2837 1006 2898 vi·

245 2940 304 3001 tiis
335 2949 366 2999 et
396 2937 603 3014 passionibus
625 2937 764 2998 viriliter
789 2954 848 2996 vos
871 2952 1005 2995 armare.

247 3039 372 3098 Hortor
393 3052 509 3095 omnes
535 3036 567 3095 in
591 3035 739 3095 caritate:
769 3044 803 3094 ut
826 3050 884 3109 pro
913 3043 1006 3093 scuto

246 3132 436 3193 luctaminis
457 3144 643 3194 sanctorum
666 3132 821 3208 suffragia
843 3149 908 3191 non
931 3148 1042 3207 neg-25

246 3231 381 3308 legatis3
403 3248 445 3290 ne
468 3230 500 3290 in
523 3230 790 3306 temptationibus
812 3228 931 3288 vestris
953 3229 1007 3288 de-

247 3329 382 3389 ficiatis:
419 3328 575 3404 largiente
606 3328 746 3388 Domino
782 3338 895 3387 nostro
932 3327 1006 3386 lesu

247 3426 385 3488 Christo
408 3425 553 3484 omnium
574 3426 735 3485 bonorum
752 3435 1006 3485 remuneratore.

246 3524 365 3585 Amen.
