2692 4659
275 666 597 719 mm
628 665 686 707 ΧΧΧ
714 666 1035 719 mmmmm

274 800 469 875 psallentem
506 799 539 858 in
575 799 664 859 omni
701 799 772 858 loco
808 810 840 859 et
871 809 1033 875 tempore:

274 896 418 973 cogitare
443 899 549 957 Deum
580 896 671 975 quasi
702 905 908 973 praesentem
938 907 969 956 et
997 914 1034 956 se

275 1011 349 1053 cum
373 993 496 1054 sanctis
517 994 642 1071 angelis
665 994 791 1054 seriose
814 993 910 1054 claris
930 995 1034 1054 oculis

274 1091 518 1168 respicientem.
571 1094 712 1170 Qualem
751 1101 858 1152 autem
895 1092 1035 1169 quisque

274 1200 349 1250 ante
373 1192 553 1252 orationem
577 1209 613 1251 se
636 1191 850 1267 disposuerit:
879 1191 975 1251 talem
999 1206 1057 1250 ses

274 1289 484 1364 postmodum
521 1289 553 1348 in
590 1288 737 1349 oratione
769 1288 958 1365 frequenter
989 1288 1036 1347 in·

274 1387 396 1447 veniet.
439 1387 549 1463 Vagus
578 1404 659 1463 vage
692 1396 776 1446 orat:
809 1386 892 1446 levis
920 1384 1036 1444 leviter

274 1493 392 1544 cantat.
417 1483 559 1545 Attende
571 1486 670 1545 homo
683 1484 807 1561 lragilis
818 1483 1033 1544 reverentiam

276 1580 356 1640 Dei:
386 1590 419 1641 et
447 1598 521 1640 cum
544 1590 658 1641 sancto
682 1581 786 1641 David
809 1581 980 1657 ingredere
1002 1581 1034 1640 in

274 1679 385 1738 locum
415 1678 614 1738 tabernaculi
641 1678 841 1739 admirabilis
864 1679 895 1738 in
919 1679 1035 1739 timore
1047 1700 1071 1740 ro

275 1785 408 1852 sanct03
436 1794 501 1837 non
531 1794 722 1853 praesumas
736 1779 784 1840 ‚de
807 1787 838 1837 te
860 1778 948 1853 ipso,
977 1778 1034 1836 sed

276 1891 351 1934 cum
391 1874 564 1950 publicano
600 1885 674 1950 pete
710 1874 967 1935 misericordiam
1004 1884 1036 1934 et

276 1972 407 2034 veniam
431 1972 651 2048 inpraesenti
675 1973 789 2048 exili03
814 1973 902 2032 utin
927 1972 1035 2032 futuro

276 2069 437 2129 merearis
468 2072 692 2131 cum'Lazaro
722 2072 842 2131 habere
871 2083 1034 2131 aeternam

276 2168 427 2245 requiem
443 2180 475 2229 et
489 2168 623 2245 gloriam
640 2169 674 2229 in
690 2170 790 2229 caelo.
818 2169 925 2245 Quam
941 2170 1036 2229 nobis
1047 2188 1071 2228 ιε

275 2264 432 2324 omnibus
443 2276 607 2340 praestare
618 2267 870 2342 digneturlesus
881 2267 1035 2329 Christus

276 2362 340 2422 Dei
372 2361 459 2422 lilius
488 2380 527 2423 ex
550 2364 655 2424 Maria
682 2364 807 2440 virgine
836 2374 948 2438 natus;
977 2381 1034 2439 pro

275 2458 373 2519 nobis
399 2459 575 2520 crucifixus
597 2472 629 2522 et
650 2462 853 2522 immolatus:
883 2461 937 2537 qui
961 2479 1034 2521 cum

276 2558 375 2616 Patre
404 2567 437 2617 et
462 2557 584 2633 Spiritu
613 2570 725 2619 sancto
754 2559 834 2620 vivit
863 2569 895 2619 et
923 2570 1035 2636 regnat

276 2656 388 2715 Deus:
424 2672 483 2730 per
518 2656 628 2716 omnia
657 2659 788 2717 saecula
819 2660 1071 2721 saeculorumao

275 2752 398 2813 Amen.

429 2857 573 2920 Expliciunt
588 2873 712 2908 sermones
730 2860 762 2908 ad
780 2859 889 2908 novicios

274 3056 1036 3135 Sequunturquaedumexemplo‚aedificationis

597 3157 713 3231 gratio.

558 3306 759 3355 EXEMPLVM.
1044 3323 1071 3363 25

276 3380 509 3612 Quidam
533 3443 706 3520 religiosus
727 3444 826 3503 irater
840 3443 956 3503 domus
978 3459 1035 3502 no·

421 3552 508 3601 strae
523 3541 698 3602 intendens
709 3543 874 3602 celebrare
886 3541 1033 3601 missam:

275 3640 370 3717 prius
399 3658 439 3701 ex
462 3639 594 3700 caritate
615 3639 758 3699 visitavit
780 3639 878 3699 alium
902 3638 1034 3699 fratrem

274 3738 420 3815 graviter
447 3746 678 3814 aegrotantem.
722 3736 857 3814 Rogavit
884 3753 961 3812 ergo
988 3736 1035 3796 in·

637 3842 676 3883 an
