2692 4659
242 687 1004 740 wwfflXVIQAEQWQU

243 832 356 882 ternae
378 820 465 880 vitae
487 828 614 894 oportet
642 820 817 880 ostendere
841 821 942 881 viam:
972 830 1003 880 et

243 919 322 978 boni
344 917 490 977 nominis
511 934 627 993 gerere
650 917 779 978 lamam.

286 1015 498 1076 Accusabunt
519 1032 581 1074 nos
605 1014 742 1091 insuper
763 1015 943 1089 elementa,
972 1024 1004 1074 et
1035 1033 1100 1081 me-

244 1129 362 1172 omnes
385 1121 552 1171 creaturae
575 1112 656 1172 caeli
680 1124 712 1173 et
734 1123 851 1187 terrae,
872 1123 1004 1188 propter
1018 1113 1112 1152 menta·

244 1211 347 1269 multa
382 1207 516 1269 servitia
546 1209 661 1268 usibus
692 1210 814 1271 nostris
845 1210 1027 1284 exhibita35

243 1307 322 1385 quia
338 1306 489 1368 Creatori
509 1316 622 1366 nostro
644 1307 789 1367 debitum
814 1307 1003 1367 famulatum

244 1424 311 1466 non
341 1404 567 1465 exhibuimus:
596 1414 628 1464 et
654 1405 829 1481 gratiarum
859 1405 1005 1465 actiones

244 1521 304 1580 pro
321 1501 448 1563 collatis
462 1501 633 1561 beneficiis
653 1503 729 1562 totis
745 1503 891 1563 cordium
908 1504 1004 1563 affec-

244 1602 334 1662 tibus
360 1600 446 1661 sicut
467 1600 609 1676 oportuit
630 1618 668 1661 ac
691 1602 816 1677 decuit,
844 1620 910 1662 non
933 1620 1005 1678 per·

245 1700 424 1773 solvimus,
453 1698 634 1758 secundum
665 1698 754 1759 vires
783 1717 864 1776 quas
893 1717 911 1758 a
934 1700 1004 1759 Deo
1017 1716 1041 1755 ro

245 1797 445 1873 accepimus.
486 1796 532 1855 Ex
554 1812 619 1871 quo
642 1797 729 1856 enim
753 1798 822 1857 sani
846 1797 1006 1872 videmur,

245 1913 283 1955 ac
315 1893 504 1954 necessaria
539 1893 701 1953 cotidiana
731 1913 750 1954 a
780 1894 1006 1970 provisoribus

246 1991 372 2052 nostris
393 1990 466 2050 sinc
487 2008 603 2067 magna
624 1991 846 2052 sollicitudine
868 1992 1006 2069 percipi-

247 2106 340 2165 mus3
365 2098 397 2148 et
418 2088 552 2148 donaria
572 2089 711 2165 gratuita
732 2088 872 2149 libenter
893 2107 1005 2166 accep-

246 2197 371 2248 tamus:
401 2186 474 2246 ideo
503 2185 566 2245 iam
590 2186 693 2263 magis
716 2187 786 2246 Deo
816 2186 1006 2263 obligamur,
1018 2205 1042 2246 rs

245 2295 413 2361 tamquam
436 2284 677 2343 commensales
700 2283 786 2360 regis
809 2284 971 2344 caelestis.

288 2382 379 2459 Ignis
401 2381 502 2441 dicet:
531 2392 562 2441 et
585 2391 697 2441 contra
719 2391 882 2457 torporem
905 2394 937 2441 et
959 2382 1104 2447 in··1gnis·

243 2479 477 2558 gratitudinem
509 2488 653 2538 nostram
685 2478 887 2538 exclamabit.
940 2479 1005 2555 Ego

244 2579 382 2638 iubente
394 2578 465 2637 Deo
481 2586 627 2636 creatore
642 2592 717 2635 meo
733 2576 826 2635 vobis
846 2576 878 2634 in
895 2575 1006 2635 multis

191 2699 193 2746 ;
244 2675 331 2735 locis
360 2674 538 2749 subveni03
567 2691 627 2750 ego
652 2673 737 2733 sicut
760 2673 866 2733 fidelis
888 2689 1042 2732 servusao

240 2773 348 2852 gratis
370 2771 479 2832 servio
502 2770 592 2830 sanis
607 2781 639 2831 et
661 2770 801 2830 infirmis
818 2771 851 2829 in
867 2771 1007 2846 coquina

242 2874 280 2932 in
304 2870 443 2961 pistrino
466 2869 499 2928 in
521 2868 716 2943 braxatorio,
740 2868 773 2927 in
796 2869 952 2928 lavatorio
975 2879 1006 2929 et

241 2971 280 3031 in
304 2968 462 3029 oratorio:
485 2976 517 3027 et
538 2966 835 3043 quotienscumque
855 2983 1006 3027 necessa-

241 3069 334 3129 rium
371 3067 432 3127 fuit
467 3066 556 3141 pium
588 3082 640 3125 me
677 3066 817 3141 praebeo
853 3065 1006 3125 omnibus

241 3164 430 3226 calefacere
452 3180 489 3223 se
511 3163 698 3224 volentibus
721 3163 760 3223 ad
782 3163 900 3240 ignem.
940 3164 1042 3240 Egoze

241 3264 368 3326 virtute
409 3261 488 3321 mihi
530 3262 602 3322 data
645 3263 802 3322 comburo
842 3262 1007 3335 stramina,

242 3361 422 3438 caespites,
437 3359 562 3436 lapides
577 3370 609 3420 et
624 3360 726 3437 ligna:
742 3359 872 3419 exsicco
888 3360 1007 3433 umida,

242 3459 406 3521 calefacio
442 3458 575 3535 frigida,
610 3459 722 3518 mollio
758 3460 854 3533 dura,
891 3459 1006 3518 induro

241 3556 375 3619 mollia:
392 3556 426 3616 in
442 3555 582 3616 diversis
598 3555 745 3615 materiis
760 3573 819 3632 ago
836 3556 1006 3630 contraria,

242 3656 331 3717 mira
361 3655 422 3714 Dei
451 3653 596 3730 potentia
626 3654 754 3730 legibus
782 3666 916 3713 naturae
948 3653 1043 3713 im-oo

242 3771 379 3831 pressa3
402 3763 437 3813 ut
452 3770 512 3812 vos
527 3752 674 3812 habeatis
695 3752 866 3811 commoda
881 3762 1005 3810 vestra:

272 3862 391 3902 Thomaea
400 3858 427 3901 K.
436 3856 521 3910 Opera.
533 3857 570 3900 Vl.
611 3857 649 3898 129
887 3855 901 3895 9
