2692 4659
359 645 520 698 &wrm
549 644 711 688 sormones
726 644 767 686 au
783 644 932 687 uovrcros
957 646 1123 698 turso-w

359 789 458 856 gnant
480 790 511 840 et
533 788 692 854 temptant
713 778 868 855 quamdiu
896 778 929 839 in
952 796 1051 839 carne
1073 779 1122 839 vi·

359 877 468 937 vimus
489 888 521 937 et
543 894 662 952 corpus
684 877 857 937 nutrimus.
901 877 994 937 Dicat
1018 895 1121 937 unus-

360 974 500 1051 quisque
529 992 603 1034 cum
633 974 738 1034 David
767 975 800 1034 in
832 975 957 1051 psalmo
988 976 1120 1051 quando

360 1073 487 1132 diabolo
510 1072 685 1132 insidiante
707 1082 882 1148 temptatur
897 1072 1005 1148 aliquo
1021 1071 1119 1131 vitio:

337 1172 411 1230 svel
427 1172 619 1231 molestatur
640 1170 679 1228 ab
702 1170 835 1230 homine
850 1188 1016 1247 perverso.
1054 1172 1119 1230 Do·

360 1268 448 1328 mine
470 1285 619 1344 expugna
640 1268 870 1343 impugnantes
892 1285 945 1328 me
974 1285 1015 1328 ne
1041 1268 1119 1328 defi-

360 1366 441 1426 ciam
465 1366 525 1425 sub
547 1383 664 1426 onere:
692 1366 768 1442 quia
789 1366 861 1426 sine
883 1375 914 1425 te
936 1383 1002 1426 non
1024 1367 1118 1426 valeo

360 1464 515 1524 resistere
537 1481 598 1523 nec
621 1463 795 1524 sustinere.
826 1464 891 1540 Qui
915 1463 1001 1524 enim
1019 1482 1118 1541 saepe

359 1571 535 1638 temptatur
555 1572 587 1622 et
609 1560 642 1621 in
657 1562 869 1637 temptatione
885 1579 944 1621 sua
965 1562 1004 1621 ad
1021 1562 1118 1623 Chri·

325 1680 350 1719 ιο
360 1670 445 1720 stum
469 1659 533 1719 cito
555 1659 702 1735 confugit
728 1670 760 1719 et
782 1669 867 1719 orat:
896 1678 955 1736 per
982 1660 1117 1737 gratiam

360 1758 431 1818 eius
453 1757 653 1833 liberabitur,
675 1757 911 1818 confortabitur
932 1767 964 1818 et
985 1775 1118 1834 praeva-

359 1856 453 1931 lebit3
475 1857 679 1931 multumque
701 1854 848 1930 proficiet
869 1855 902 1915 in
922 1855 1043 1915 virtute
1065 1874 1118 1932 pa·

359 1954 508 2014 tientiae:
537 1963 569 2013 et
591 1952 747 2012 maiorem
770 1969 923 2012 coronam
952 1969 1010 2028 pro
1043 1952 1117 2013 forti

360 2050 537 2110 certamine
560 2051 705 2127 recipiet.
749 2050 814 2127 Qui
837 2060 944 2110 autem
968 2067 1041 2109 raro
1063 2060 1118 2110 aut

325 2166 537 2225 rsnumquam
568 2158 760 2224 temptatur,
790 2165 851 2208 nec
883 2147 1024 2223 propriis
1056 2165 1118 2207 nec

359 2246 475 2307 alienis
504 2246 636 2305 malitiis
663 2248 870 2305 molestatur:
899 2244 952 2304 hic
981 2247 1119 2322 angelus

359 2345 467 2421 potius
483 2344 641 2404 dicendus
664 2353 714 2403 est
729 2360 825 2419 quam
842 2345 939 2402 homo
955 2351 1119 2403 terrenus.

360 2443 469 2502 Huius
491 2442 662 2517 habitatio,
691 2441 804 2501 verius
835 2442 868 2501 in
898 2441 988 2499 caelo
1020 2458 1120 2517 quae-

359 2541 460 2600 renda
475 2549 525 2600 est
541 2557 637 2615 quam
653 2539 686 2598 in
703 2550 798 2599 terra.
831 2538 913 2597 Nam
929 2538 972 2597 ibi
989 2556 1121 2599 summa

322 2656 420 2714 aopax
442 2648 473 2698 et
502 2636 691 2696 concordia:
723 2635 776 2695 hic
807 2646 914 2696 autem
947 2653 1007 2711 pax
1038 2654 1122 2715 rara,

358 2734 468 2794 brevis
506 2734 644 2808 laetitia;
675 2734 770 2809 quies
801 2734 945 2809 modica,
975 2734 1121 2796 turbatio

360 2833 532 2909 frequens:
554 2831 662 2908 gravis
678 2848 765 2906 cura,
787 2842 819 2891 et
834 2831 958 2891 incerta
972 2831 1121 2894 victoria.

359 2929 433 2989 Non
456 2939 564 2988 tamen
587 2928 826 3003 desperandum
859 2938 925 2988 est:
955 2928 1032 3004 quia
1061 2948 1121 3006 pro

359 3026 493 3087 minimo
510 3026 619 3085 labore
642 3035 673 3085 et
693 3026 806 3085 dolore
822 3024 949 3085 dabitur
962 3026 1120 3101 gaudium

321 3124 430 3184 assine
453 3123 527 3184 fine.

399 3221 463 3281 Sed
480 3219 721 3281 multitudinem
738 3221 898 3280 bellorum
921 3231 953 3280 et
972 3222 1118 3283 hostium

358 3330 544 3378 nostrorum
563 3320 705 3394 fraudes,
726 3320 800 3396 quis
816 3320 933 3397 poterit
949 3322 1117 3383 enodare?

359 3417 478 3477 Nullus
500 3417 563 3477 nisi
587 3436 605 3477 a
627 3420 697 3478 Deo
720 3417 922 3479 illuminatus
948 3418 1065 3480 fuerit:
1086 3431 1116 3479 et

358 3515 442 3575 bene
464 3514 611 3575 eruditus
633 3514 666 3574 in
689 3515 860 3591 scripturis
878 3516 1011 3593 sanctis,
1034 3517 1116 3578 sicut

320 3612 480 3673 aoPaulus
511 3612 566 3689 qui
598 3611 650 3671 ait.
704 3613 777 3672 Non
809 3613 897 3673 enim
928 3614 1114 3689 ignoramus

357 3709 492 3769 astutias
523 3710 605 3769 eius.
652 3709 772 3770 Audite
803 3720 910 3771 tamen
943 3729 1047 3788 pauca
1076 3713 1115 3774 de

720 3816 758 3855 rso
