2692 4659
352 670 513 722 &ww
541 669 703 712 SERMONES
718 669 758 710 AD
776 668 924 711 NOVlClOS
949 669 1113 721 misem

353 804 456 863 ituum
486 803 672 878 confidens,
704 803 837 863 divitem
860 820 897 862 ac
921 802 1050 862 felicem
1075 819 1113 861 se

353 911 497 978 reputet,
532 918 594 961 nec
629 917 791 977 pauperes
827 900 998 976 despiciat3
1034 901 1114 976 quia

352 999 459 1058 nescit
494 998 647 1075 quamdiu
683 998 773 1058 vivet
808 1008 840 1057 et
874 999 936 1059 ista
971 998 1113 1059 tenebit:

353 1098 458 1157 nescit
481 1097 558 1173 quid
574 1095 744 1156 molestiae
767 1095 827 1155 sibi
844 1096 920 1156 inde
936 1097 1114 1172 provenire

330 1194 467 1269 spossit‚
482 1212 556 1254 cum
569 1194 661 1253 Deus
672 1195 734 1252 hoc
746 1193 941 1270 permiserit.
974 1195 1010 1253 ln
1021 1195 1113 1255 omni

353 1292 495 1368 denique
518 1308 553 1351 re
574 1291 745 1367 temporali
775 1301 808 1352 et
829 1308 927 1367 opere
950 1294 1113 1353 humano:

353 1390 498 1450 incertus
527 1399 577 1449 est
606 1406 783 1464 processus
805 1397 837 1448 et
864 1390 970 1449 bonus
992 1391 1113 1451 exitus.

353 1489 437 1547 Nam
453 1487 647 1563 saepissime
663 1504 717 1546 res
732 1486 826 1547 aliter
841 1487 998 1547 eveniunt
1012 1505 1113 1564 quam

353 1586 504 1645 homines
519 1593 648 1661 putant:
671 1593 704 1644 et
719 1601 818 1660 saepe
833 1584 970 1644 consilia
985 1584 1017 1644 in
1034 1603 1113 1645 con-

319 1684 487 1744 rotrarium
510 1693 685 1744 mutantur.
729 1682 889 1743 Nesciunt
911 1683 998 1743 caeci
1018 1702 1114 1745 mon·

353 1792 402 1842 tes
432 1782 520 1841 claro
549 1781 602 1841 die
631 1780 811 1857 speculari:
841 1781 991 1857 quamvis
1012 1784 1113 1844 astuti

354 1879 484 1938 fuerint.
527 1879 695 1938 Falluntur
727 1879 917 1954 frequenter
944 1878 1115 1953 sapientes

352 1976 385 2034 in
408 1976 512 2036 oculis
534 1976 605 2036 suis
626 1977 666 2036 de
684 1975 817 2036 futuris:
840 1975 895 2052 qui
918 1975 951 2035 in
973 1993 1033 2035 sua
1048 1979 1115 2037 cal-

353 2074 475 2134 liditate
504 2073 724 2149 confidente5‚
757 2075 863 2134 Deum
892 2082 966 2134 ante
995 2076 1114 2136 oculos

319 2188 343 2228 ιε
353 2190 432 2232 suos
454 2190 519 2232 non
542 2173 671 2232 habent.
715 2172 798 2230 Nam
822 2172 876 2247 qui
899 2180 1029 2232 terrena
1044 2191 1113 2233 am·

352 2271 462 2341 biunt,
493 2272 637 2329 honores
668 2269 822 2345 diligunt,
853 2270 1037 2345 voluptates
1060 2288 1114 2331 se·

352 2378 506 2445 quuntur,
528 2368 645 2427 damna
666 2377 825 2443 metuunt,
856 2384 1012 2443 prospera
1034 2385 1113 2428 con-

352 2466 535 2541 cupiscunt,
546 2465 659 2524 altiora
670 2473 795 2540 petunt,
806 2464 839 2523 in
851 2464 944 2523 vanis
954 2465 1113 2542 gaudent3

351 2563 437 2623 iusto
461 2563 521 2623 Dei
552 2562 673 2621 iudicio
702 2561 820 2621 iterum
850 2562 1022 2621 dolebunt:
1052 2564 1113 2624 mi-

315 2660 600 2736 mserabiliterque
622 2659 662 2718 de
684 2658 820 2734 perditis
846 2658 941 2717 bonis
963 2659 1113 2735 affligen-

351 2767 412 2817 tur.
443 2759 531 2817 lnter
552 2773 644 2832 spem
667 2757 826 2815 bonorum
850 2766 882 2815 et
903 2764 1027 2816 metum
1044 2775 1111 2817 ma·

351 2857 456 2915 lorum
480 2873 536 2915 cor
558 2854 726 2914 saeculare
749 2863 781 2913 et
803 2854 932 2912 carnale
954 2854 1112 2915 continue

352 2952 501 3027 fluctuat3
530 2952 606 3028 quia
634 2967 785 3011 ancoram
816 2950 886 3026 spei
911 2950 944 3010 in
967 2952 1112 3014 caeleste

352 3050 552 3110 desiderium
585 3066 650 3108 non
684 3048 767 3124 figit:
798 3047 853 3107 ubi
885 3047 994 3107 omnia
1025 3048 1112 3109 bona

315 3166 341 3206 25
351 3149 515 3207 abundant
530 3157 562 3207 et
577 3155 734 3222 perpetue
750 3146 875 3205 durant.
901 3144 1111 3223 Quapropter

351 3245 512 3306 carissimi
536 3245 663 3319 fratres,
686 3260 725 3303 ex
745 3260 809 3319 quo
832 3260 929 3303 nemo
944 3260 1003 3318 pro
1019 3255 1110 3304 certo

351 3342 451 3417 novit,
473 3342 550 3418 quid
566 3342 606 3401 de
628 3340 746 3400 futuris
768 3340 829 3399 sibi
846 3340 959 3400 utilius
981 3341 1034 3417 sit,
1055 3352 1111 3403 aut

351 3440 453 3516 magis
475 3457 533 3515 pro
556 3440 661 3499 salute
684 3438 811 3498 animae
840 3456 919 3499 suae
942 3439 1110 3516 expediat3

351 3537 452 3597 tutius
484 3547 534 3597 est
565 3547 597 3598 et
627 3536 801 3596 honestius
830 3536 875 3596 uti
899 3537 1038 3597 consilio
1060 3555 1110 3598 sa·

313 3636 495 3711 sapientum
532 3644 565 3694 et
599 3644 824 3710 expertorum,
866 3644 898 3693 et
933 3634 1110 3711 praecipue

351 3735 566 3810 praelatorum
582 3743 768 3793 nostrorum
792 3749 828 3791 ac
844 3731 1030 3792 seniorum:
1053 3733 1108 3808 qui

711 3837 749 3878 no
