<?xml version="1.0" encoding="UTF-8"?>
<!DOCTYPE html PUBLIC "-//W3C//DTD XHTML 1.0 Transitional//EN"
    "http://www.w3.org/TR/xhtml1/DTD/xhtml1-transitional.dtd">
<html xmlns="http://www.w3.org/1999/xhtml" xml:lang="en" lang="en">
 <head>
  <title>
</title>
<meta http-equiv="Content-Type" content="text/html;charset=utf-8" />
  <meta name='ocr-system' content='tesseract 3.04.00' />
  <meta name='ocr-capabilities' content='ocr_page ocr_carea ocr_par ocr_line ocrx_word'/>
</head>
<body>
  <div class='ocr_page' id='page_1' title='image "./thomaehemerkena00pohlgoog_0095.png"; bbox 0 0 2692 4659; ppageno 0'>
   <div class='ocr_carea' id='block_1_1' title="bbox 238 821 1074 2366">
    <p class='ocr_par' dir='ltr' id='par_1_1' title="bbox 238 821 1074 2366">
     <span class='ocr_line' id='line_1_1' title="bbox 238 821 1002 898; baseline -0.004 -13"><span class='ocrx_word' id='word_1_1' title='bbox 238 834 271 885; x_wconf 90' lang='lat' dir='ltr'><strong>et</strong></span> <span class='ocrx_word' id='word_1_2' title='bbox 286 823 476 884; x_wconf 90' lang='lat' dir='ltr'><strong>durissimis</strong></span> <span class='ocrx_word' id='word_1_3' title='bbox 486 821 567 881; x_wconf 91' lang='lat' dir='ltr'><strong>inibi</strong></span> <span class='ocrx_word' id='word_1_4' title='bbox 578 821 720 881; x_wconf 93' lang='lat' dir='ltr'><strong>vinculis</strong></span> <span class='ocrx_word' id='word_1_5' title='bbox 733 822 850 882; x_wconf 83' lang='lat' dir='ltr'><strong>ferreis</strong></span> <span class='ocrx_word' id='word_1_6' title='bbox 865 822 1002 898; x_wconf 91' lang='lat' dir='ltr'><strong>stringe-</strong></span> 
     </span>
     <span class='ocr_line' id='line_1_2' title="bbox 238 918 1002 998; baseline -0.003 -17"><span class='ocrx_word' id='word_1_7' title='bbox 238 923 373 981; x_wconf 83' lang='lat' dir='ltr'>bantur:</span> <span class='ocrx_word' id='word_1_8' title='bbox 410 920 489 998; x_wconf 92' lang='lat' dir='ltr'><strong>quin</strong></span> <span class='ocrx_word' id='word_1_9' title='bbox 522 918 619 979; x_wconf 92' lang='lat' dir='ltr'><strong>etiam</strong></span> <span class='ocrx_word' id='word_1_10' title='bbox 653 919 726 980; x_wconf 90' lang='lat' dir='ltr'><strong>sine</strong></span> <span class='ocrx_word' id='word_1_11' title='bbox 758 919 830 979; x_wconf 93' lang='lat' dir='ltr'><strong>cibo</strong></span> <span class='ocrx_word' id='word_1_12' title='bbox 862 930 894 980; x_wconf 92' lang='lat' dir='ltr'><strong>et</strong></span> <span class='ocrx_word' id='word_1_13' title='bbox 925 930 1002 995; x_wconf 92' lang='lat' dir='ltr'><strong>potu</strong></span> 
     </span>
     <span class='ocr_line' id='line_1_3' title="bbox 239 1018 1002 1093; baseline -0.004 -13"><span class='ocrx_word' id='word_1_14' title='bbox 239 1020 313 1080; x_wconf 89' lang='lat' dir='ltr'><strong>sine</strong></span> <span class='ocrx_word' id='word_1_15' title='bbox 345 1018 471 1079; x_wconf 90' lang='lat' dir='ltr'><strong>lumine</strong></span> <span class='ocrx_word' id='word_1_16' title='bbox 503 1027 535 1078; x_wconf 92' lang='lat' dir='ltr'><strong>et</strong></span> <span class='ocrx_word' id='word_1_17' title='bbox 565 1018 673 1093; x_wconf 90' lang='lat' dir='ltr'><strong>aliquo</strong></span> <span class='ocrx_word' id='word_1_18' title='bbox 706 1019 849 1077; x_wconf 89' lang='lat' dir='ltr'><strong>humano</strong></span> <span class='ocrx_word' id='word_1_19' title='bbox 880 1018 1002 1078; x_wconf 87' lang='lat' dir='ltr'><strong>solacio</strong></span> 
     </span>
     <span class='ocr_line' id='line_1_4' title="bbox 239 1114 1002 1177; baseline -0.003 0"><span class='ocrx_word' id='word_1_20' title='bbox 239 1117 487 1177; x_wconf 86' lang='lat' dir='ltr'><strong>dimittebantur</strong></span> <span class='ocrx_word' id='word_1_21' title='bbox 509 1114 616 1175; x_wconf 89' lang='lat' dir='ltr'><strong>iacere</strong></span> <span class='ocrx_word' id='word_1_22' title='bbox 639 1116 672 1175; x_wconf 94' lang='lat' dir='ltr'><strong>in</strong></span> <span class='ocrx_word' id='word_1_23' title='bbox 695 1117 819 1176; x_wconf 83' lang='lat' dir='ltr'><strong>foetore</strong></span> <span class='ocrx_word' id='word_1_24' title='bbox 842 1126 873 1175; x_wconf 90' lang='lat' dir='ltr'><strong>et</strong></span> <span class='ocrx_word' id='word_1_25' title='bbox 888 1116 1002 1175; x_wconf 88' lang='lat' dir='ltr'><strong>mortis</strong></span> 
     </span>
     <span class='ocr_line' id='line_1_5' title="bbox 240 1212 1025 1276; baseline -0.005 0"><span class='ocrx_word' id='word_1_26' title='bbox 240 1217 388 1276; x_wconf 91' lang='lat' dir='ltr'><strong>horrore.</strong></span> <span class='ocrx_word' id='word_1_27' title='bbox 433 1215 471 1273; x_wconf 88' lang='lat' dir='ltr'><strong>Et</strong></span> <span class='ocrx_word' id='word_1_28' title='bbox 496 1223 605 1273; x_wconf 90' lang='lat' dir='ltr'><strong>tamen</strong></span> <span class='ocrx_word' id='word_1_29' title='bbox 636 1213 669 1272; x_wconf 91' lang='lat' dir='ltr'><strong>in</strong></span> <span class='ocrx_word' id='word_1_30' title='bbox 693 1212 756 1273; x_wconf 84' lang='lat' dir='ltr'><strong>tide</strong></span> <span class='ocrx_word' id='word_1_31' title='bbox 779 1213 904 1275; x_wconf 91' lang='lat' dir='ltr'><strong>Christi</strong></span> <span class='ocrx_word' id='word_1_32' title='bbox 927 1231 1025 1273; x_wconf 85' lang='lat' dir='ltr'><strong>con-5</strong></span> 
     </span>
     <span class='ocr_line' id='line_1_6' title="bbox 239 1311 1002 1388; baseline -0.003 -15"><span class='ocrx_word' id='word_1_33' title='bbox 239 1323 366 1373; x_wconf 90' lang='lat' dir='ltr'><strong>stantes</strong></span> <span class='ocrx_word' id='word_1_34' title='bbox 387 1321 650 1388; x_wconf 89' lang='lat' dir='ltr'><strong>permanserunt,</strong></span> <span class='ocrx_word' id='word_1_35' title='bbox 680 1322 712 1371; x_wconf 94' lang='lat' dir='ltr'><strong>et</strong></span> <span class='ocrx_word' id='word_1_36' title='bbox 734 1311 853 1387; x_wconf 85' lang='lat' dir='ltr'><strong>gratias</strong></span> <span class='ocrx_word' id='word_1_37' title='bbox 876 1312 946 1371; x_wconf 90' lang='lat' dir='ltr'><strong>Deo</strong></span> <span class='ocrx_word' id='word_1_38' title='bbox 969 1312 1002 1371; x_wconf 92' lang='lat' dir='ltr'><strong>in</strong></span> 
     </span>
     <span class='ocr_line' id='line_1_7' title="bbox 240 1410 1002 1488; baseline -0.001 -17"><span class='ocrx_word' id='word_1_39' title='bbox 240 1411 410 1471; x_wconf 92' lang='lat' dir='ltr'><strong>doloribus</strong></span> <span class='ocrx_word' id='word_1_40' title='bbox 426 1410 497 1470; x_wconf 90' lang='lat' dir='ltr'><strong>suis</strong></span> <span class='ocrx_word' id='word_1_41' title='bbox 512 1427 608 1486; x_wconf 93' lang='lat' dir='ltr'><strong>agere</strong></span> <span class='ocrx_word' id='word_1_42' title='bbox 625 1410 838 1470; x_wconf 89' lang='lat' dir='ltr'><strong>studuerunt:</strong></span> <span class='ocrx_word' id='word_1_43' title='bbox 854 1411 929 1488; x_wconf 86' lang='lat' dir='ltr'><strong>quia</strong></span> <span class='ocrx_word' id='word_1_44' title='bbox 944 1428 1002 1486; x_wconf 94' lang='lat' dir='ltr'><strong>pro</strong></span> 
     </span>
     <span class='ocr_line' id='line_1_8' title="bbox 241 1507 1003 1568; baseline -0.001 -1"><span class='ocrx_word' id='word_1_45' title='bbox 241 1509 375 1568; x_wconf 89' lang='lat' dir='ltr'><strong>nomine</strong></span> <span class='ocrx_word' id='word_1_46' title='bbox 413 1508 486 1567; x_wconf 92' lang='lat' dir='ltr'><strong>eius</strong></span> <span class='ocrx_word' id='word_1_47' title='bbox 521 1507 739 1567; x_wconf 85' lang='lat' dir='ltr'><strong>contumelias</strong></span> <span class='ocrx_word' id='word_1_48' title='bbox 776 1517 808 1568; x_wconf 96' lang='lat' dir='ltr'><strong>et</strong></span> <span class='ocrx_word' id='word_1_49' title='bbox 842 1517 1003 1568; x_wconf 87' lang='lat' dir='ltr'><strong>tormenta</strong></span> 
     </span>
     <span class='ocr_line' id='line_1_9' title="bbox 240 1604 1003 1682; baseline -0.005 -16"><span class='ocrx_word' id='word_1_50' title='bbox 240 1606 304 1682; x_wconf 91' lang='lat' dir='ltr'><strong>pati</strong></span> <span class='ocrx_word' id='word_1_51' title='bbox 335 1615 540 1666; x_wconf 87' lang='lat' dir='ltr'><strong>meruerunt.</strong></span> <span class='ocrx_word' id='word_1_52' title='bbox 584 1606 712 1665; x_wconf 91' lang='lat' dir='ltr'><strong>Horum</strong></span> <span class='ocrx_word' id='word_1_53' title='bbox 742 1605 892 1679; x_wconf 89' lang='lat' dir='ltr'><strong>exempla</strong></span> <span class='ocrx_word' id='word_1_54' title='bbox 920 1604 1003 1663; x_wconf 93' lang='lat' dir='ltr'><strong>intu-</strong></span> 
     </span>
     <span class='ocr_line' id='line_1_10' title="bbox 242 1702 1039 1778; baseline -0.005 -13"><span class='ocrx_word' id='word_1_55' title='bbox 242 1715 337 1765; x_wconf 84' lang='lat' dir='ltr'><strong>entes</strong></span> <span class='ocrx_word' id='word_1_56' title='bbox 366 1704 469 1764; x_wconf 93' lang='lat' dir='ltr'><strong>nolite</strong></span> <span class='ocrx_word' id='word_1_57' title='bbox 492 1704 525 1763; x_wconf 92' lang='lat' dir='ltr'><strong>in</strong></span> <span class='ocrx_word' id='word_1_58' title='bbox 547 1704 696 1763; x_wconf 89' lang='lat' dir='ltr'><strong>adversis</strong></span> <span class='ocrx_word' id='word_1_59' title='bbox 721 1702 880 1778; x_wconf 83' lang='lat' dir='ltr'><strong>delicere,</strong></span> <span class='ocrx_word' id='word_1_60' title='bbox 909 1712 940 1761; x_wconf 91' lang='lat' dir='ltr'><strong>et</strong></span> <span class='ocrx_word' id='word_1_61' title='bbox 962 1703 1002 1761; x_wconf 90' lang='lat' dir='ltr'><strong>de</strong></span> <span class='ocrx_word' id='word_1_62' title='bbox 1015 1722 1039 1762; x_wconf 92' lang='lat'><strong>10</strong></span> 
     </span>
     <span class='ocr_line' id='line_1_11' title="bbox 242 1800 1003 1880; baseline -0.007 -16"><span class='ocrx_word' id='word_1_63' title='bbox 242 1804 342 1864; x_wconf 90' lang='lat' dir='ltr'><strong>nimia</strong></span> <span class='ocrx_word' id='word_1_64' title='bbox 365 1812 555 1880; x_wconf 87' lang='lat' dir='ltr'><strong>paupertate</strong></span> <span class='ocrx_word' id='word_1_65' title='bbox 578 1800 753 1878; x_wconf 90' lang='lat' dir='ltr'><strong>conqueri:</strong></span> <span class='ocrx_word' id='word_1_66' title='bbox 781 1818 842 1861; x_wconf 92' lang='lat' dir='ltr'><strong>nec</strong></span> <span class='ocrx_word' id='word_1_67' title='bbox 871 1811 1003 1876; x_wconf 90' lang='lat' dir='ltr'><strong>propter</strong></span> 
     </span>
     <span class='ocr_line' id='line_1_12' title="bbox 244 1899 1002 1979; baseline -0.007 -17"><span class='ocrx_word' id='word_1_68' title='bbox 244 1902 383 1979; x_wconf 91' lang='lat' dir='ltr'><strong>rigorem</strong></span> <span class='ocrx_word' id='word_1_69' title='bbox 400 1900 592 1976; x_wconf 86' lang='lat' dir='ltr'><strong>disciplinae</strong></span> <span class='ocrx_word' id='word_1_70' title='bbox 613 1900 653 1960; x_wconf 92' lang='lat' dir='ltr'><strong>de</strong></span> <span class='ocrx_word' id='word_1_71' title='bbox 673 1899 798 1975; x_wconf 92' lang='lat' dir='ltr'><strong>proelio</strong></span> <span class='ocrx_word' id='word_1_72' title='bbox 814 1909 888 1959; x_wconf 90' lang='lat' dir='ltr'><strong>ante</strong></span> <span class='ocrx_word' id='word_1_73' title='bbox 904 1899 1002 1958; x_wconf 85' lang='lat' dir='ltr'><strong>linem</strong></span> 
     </span>
     <span class='ocr_line' id='line_1_13' title="bbox 245 1995 1074 2075; baseline -0.006 -17"><span class='ocrx_word' id='word_1_74' title='bbox 245 2000 398 2060; x_wconf 90' lang='lat' dir='ltr'><strong>victoriae</strong></span> <span class='ocrx_word' id='word_1_75' title='bbox 422 1999 545 2075; x_wconf 83' lang='lat' dir='ltr'><strong>fugere.</strong></span> <span class='ocrx_word' id='word_1_76' title='bbox 576 1997 623 2057; x_wconf 93' lang='lat' dir='ltr'><strong>llli</strong></span> <span class='ocrx_word' id='word_1_77' title='bbox 647 1997 743 2073; x_wconf 87' lang='lat' dir='ltr'><strong>digne</strong></span> <span class='ocrx_word' id='word_1_78' title='bbox 767 1995 914 2055; x_wconf 88' lang='lat' dir='ltr'><strong>coronari</strong></span> <span class='ocrx_word' id='word_1_79' title='bbox 937 2012 1003 2054; x_wconf 90' lang='lat' dir='ltr'><strong>me·</strong></span> <span class='ocrx_word' id='word_1_80' title='bbox 1014 2006 1074 2044; x_wconf 78' lang='lat' dir='ltr'><strong>nota</strong></span> 
     </span>
     <span class='ocr_line' id='line_1_14' title="bbox 245 2095 1003 2174; baseline -0.008 -17"><span class='ocrx_word' id='word_1_81' title='bbox 245 2107 371 2157; x_wconf 90' lang='lat' dir='ltr'><strong>rentur:</strong></span> <span class='ocrx_word' id='word_1_82' title='bbox 401 2096 457 2174; x_wconf 92' lang='lat' dir='ltr'><strong>qui</strong></span> <span class='ocrx_word' id='word_1_83' title='bbox 480 2095 625 2172; x_wconf 88' lang='lat' dir='ltr'><strong>legitime</strong></span> <span class='ocrx_word' id='word_1_84' title='bbox 651 2105 776 2155; x_wconf 86' lang='lat' dir='ltr'><strong>certant</strong></span> <span class='ocrx_word' id='word_1_85' title='bbox 798 2104 829 2154; x_wconf 91' lang='lat' dir='ltr'><strong>et</strong></span> <span class='ocrx_word' id='word_1_86' title='bbox 850 2110 1003 2169; x_wconf 90' lang='lat' dir='ltr'><strong>perseve-</strong></span> 
     </span>
     <span class='ocr_line' id='line_1_15' title="bbox 246 2190 1039 2266; baseline -0.006 -13"><span class='ocrx_word' id='word_1_87' title='bbox 246 2206 322 2256; x_wconf 90' lang='lat' dir='ltr'><strong>rant.</strong></span> <span class='ocrx_word' id='word_1_88' title='bbox 353 2194 558 2254; x_wconf 89' lang='lat' dir='ltr'><strong>Levissimus</strong></span> <span class='ocrx_word' id='word_1_89' title='bbox 580 2202 631 2253; x_wconf 91' lang='lat' dir='ltr'><strong>est</strong></span> <span class='ocrx_word' id='word_1_90' title='bbox 653 2194 760 2252; x_wconf 91' lang='lat' dir='ltr'><strong>omnis</strong></span> <span class='ocrx_word' id='word_1_91' title='bbox 783 2192 873 2251; x_wconf 91' lang='lat' dir='ltr'><strong>labor</strong></span> <span class='ocrx_word' id='word_1_92' title='bbox 895 2190 1039 2266; x_wconf 81' lang='lat' dir='ltr'><strong>paeni-15</strong></span> 
     </span>
     <span class='ocr_line' id='line_1_16' title="bbox 244 2290 1001 2366; baseline -0.005 -15"><span class='ocrx_word' id='word_1_93' title='bbox 244 2293 361 2353; x_wconf 90' lang='lat' dir='ltr'><strong>tentiae</strong></span> <span class='ocrx_word' id='word_1_94' title='bbox 391 2302 524 2352; x_wconf 89' lang='lat' dir='ltr'><strong>nostrae</strong></span> <span class='ocrx_word' id='word_1_95' title='bbox 554 2290 797 2366; x_wconf 86' lang='lat' dir='ltr'><strong>comparatione</strong></span> <span class='ocrx_word' id='word_1_96' title='bbox 824 2306 1001 2365; x_wconf 88' lang='lat' dir='ltr'><strong>poenarum</strong></span> 
     </span>
    </p>
   </div>
   <div class='ocr_carea' id='block_1_2' title="bbox 192 2389 1002 2463">
    <p class='ocr_par' dir='ltr' id='par_1_2' title="bbox 192 2389 1002 2463">
     <span class='ocr_line' id='line_1_17' title="bbox 192 2389 1002 2463; baseline -0.004 -15"><span class='ocrx_word' id='word_1_97' title='bbox 192 2399 195 2460; x_wconf 72' lang='lat' dir='ltr'><strong>l</strong></span> <span class='ocrx_word' id='word_1_98' title='bbox 246 2400 275 2450; x_wconf 92' lang='lat' dir='ltr'><strong>et</strong></span> <span class='ocrx_word' id='word_1_99' title='bbox 294 2389 568 2449; x_wconf 85' lang='lat' dir='ltr'><strong>abstinentiarum</strong></span> <span class='ocrx_word' id='word_1_100' title='bbox 591 2399 778 2449; x_wconf 86' lang='lat' dir='ltr'><strong>sanctorum</strong></span> <span class='ocrx_word' id='word_1_101' title='bbox 807 2396 1002 2463; x_wconf 86' lang='lat' dir='ltr'><strong>martyrum:</strong></span> 
     </span>
    </p>
   </div>
   <div class='ocr_carea' id='block_1_3' title="bbox 246 2485 973 2547">
    <p class='ocr_par' dir='ltr' id='par_1_3' title="bbox 246 2485 973 2547">
     <span class='ocr_line' id='line_1_18' title="bbox 246 2485 973 2547; baseline -0.004 0"><span class='ocrx_word' id='word_1_102' title='bbox 246 2498 274 2547; x_wconf 92' lang='lat' dir='ltr'><strong>et</strong></span> <span class='ocrx_word' id='word_1_103' title='bbox 294 2487 561 2547; x_wconf 89' lang='lat' dir='ltr'><strong>consideratione</strong></span> <span class='ocrx_word' id='word_1_104' title='bbox 584 2487 734 2547; x_wconf 92' lang='lat' dir='ltr'><strong>dolorum</strong></span> <span class='ocrx_word' id='word_1_105' title='bbox 757 2485 973 2545; x_wconf 87' lang='lat' dir='ltr'><strong>infernorum.</strong></span> 
     </span>
    </p>
   </div>
   <div class='ocr_carea' id='block_1_4' title="bbox 191 2584 1041 3737">
    <p class='ocr_par' dir='ltr' id='par_1_4' title="bbox 246 2584 1039 3247">
     <span class='ocr_line' id='line_1_19' title="bbox 281 2584 1003 2660; baseline -0.003 -15"><span class='ocrx_word' id='word_1_106' title='bbox 281 2585 432 2645; x_wconf 78' lang='lat' dir='ltr'><strong>Audistis</strong></span> <span class='ocrx_word' id='word_1_107' title='bbox 448 2585 637 2660; x_wconf 80' lang='lat' dir='ltr'><strong>frequenter</strong></span> <span class='ocrx_word' id='word_1_108' title='bbox 646 2584 681 2644; x_wconf 94' lang='lat' dir='ltr'><strong>in</strong></span> <span class='ocrx_word' id='word_1_109' title='bbox 697 2584 905 2660; x_wconf 83' lang='lat' dir='ltr'><strong>passionibus</strong></span> <span class='ocrx_word' id='word_1_110' title='bbox 921 2602 1003 2643; x_wconf 93' lang='lat' dir='ltr'><strong>mar·</strong></span> 
     </span>
     <span class='ocr_line' id='line_1_20' title="bbox 246 2681 1039 2760; baseline -0.009 -17"><span class='ocrx_word' id='word_1_111' title='bbox 246 2691 369 2759; x_wconf 89' lang='lat' dir='ltr'><strong>tyrum,</strong></span> <span class='ocrx_word' id='word_1_112' title='bbox 400 2683 477 2760; x_wconf 93' lang='lat' dir='ltr'><strong>quia</strong></span> <span class='ocrx_word' id='word_1_113' title='bbox 508 2682 540 2741; x_wconf 91' lang='lat' dir='ltr'><strong>in</strong></span> <span class='ocrx_word' id='word_1_114' title='bbox 572 2681 713 2741; x_wconf 90' lang='lat' dir='ltr'><strong>diversis</strong></span> <span class='ocrx_word' id='word_1_115' title='bbox 744 2682 902 2742; x_wconf 86' lang='lat' dir='ltr'><strong>membris</strong></span> <span class='ocrx_word' id='word_1_116' title='bbox 933 2682 1039 2742; x_wconf 80' lang='lat' dir='ltr'><strong>suisao</strong></span> 
     </span>
     <span class='ocr_line' id='line_1_21' title="bbox 247 2778 1003 2855; baseline 0 -17"><span class='ocrx_word' id='word_1_117' title='bbox 247 2780 376 2841; x_wconf 86' lang='lat' dir='ltr'><strong>luerunt</strong></span> <span class='ocrx_word' id='word_1_118' title='bbox 399 2778 550 2840; x_wconf 88' lang='lat' dir='ltr'><strong>cruciati:</strong></span> <span class='ocrx_word' id='word_1_119' title='bbox 580 2787 707 2854; x_wconf 92' lang='lat' dir='ltr'><strong>etpost</strong></span> <span class='ocrx_word' id='word_1_120' title='bbox 735 2797 851 2855; x_wconf 90' lang='lat' dir='ltr'><strong>graves</strong></span> <span class='ocrx_word' id='word_1_121' title='bbox 874 2780 1003 2840; x_wconf 92' lang='lat' dir='ltr'><strong>dolores</strong></span> 
     </span>
     <span class='ocr_line' id='line_1_22' title="bbox 247 2875 1004 2951; baseline 0 -15"><span class='ocrx_word' id='word_1_122' title='bbox 247 2878 367 2938; x_wconf 91' lang='lat' dir='ltr'><strong>eisdem</strong></span> <span class='ocrx_word' id='word_1_123' title='bbox 391 2875 547 2937; x_wconf 90' lang='lat' dir='ltr'><strong>membris</strong></span> <span class='ocrx_word' id='word_1_124' title='bbox 565 2875 680 2951; x_wconf 89' lang='lat' dir='ltr'><strong>privati</strong></span> <span class='ocrx_word' id='word_1_125' title='bbox 704 2877 822 2937; x_wconf 90' lang='lat' dir='ltr'><strong>deinde</strong></span> <span class='ocrx_word' id='word_1_126' title='bbox 840 2877 1004 2938; x_wconf 85' lang='lat' dir='ltr'><strong>ferocissi-</strong></span> 
     </span>
     <span class='ocr_line' id='line_1_23' title="bbox 248 2974 1004 3036; baseline 0.001 -1"><span class='ocrx_word' id='word_1_127' title='bbox 248 2977 305 3036; x_wconf 91' lang='lat' dir='ltr'><strong>mis</strong></span> <span class='ocrx_word' id='word_1_128' title='bbox 341 2975 457 3035; x_wconf 90' lang='lat' dir='ltr'><strong>bestiis</strong></span> <span class='ocrx_word' id='word_1_129' title='bbox 493 2975 531 3033; x_wconf 91' lang='lat' dir='ltr'><strong>ad</strong></span> <span class='ocrx_word' id='word_1_130' title='bbox 567 2974 790 3034; x_wconf 90' lang='lat' dir='ltr'><strong>devorandum</strong></span> <span class='ocrx_word' id='word_1_131' title='bbox 828 2976 909 3035; x_wconf 86' lang='lat' dir='ltr'><strong>dati:</strong></span> <span class='ocrx_word' id='word_1_132' title='bbox 950 2986 1004 3036; x_wconf 88' lang='lat' dir='ltr'><strong>aut</strong></span> 
     </span>
     <span class='ocr_line' id='line_1_24' title="bbox 248 3073 1003 3134; baseline 0.001 -3"><span class='ocrx_word' id='word_1_133' title='bbox 248 3074 340 3134; x_wconf 88' lang='lat' dir='ltr'><strong>etiam</strong></span> <span class='ocrx_word' id='word_1_134' title='bbox 364 3073 505 3132; x_wconf 88' lang='lat' dir='ltr'><strong>flammis</strong></span> <span class='ocrx_word' id='word_1_135' title='bbox 529 3073 720 3132; x_wconf 88' lang='lat' dir='ltr'><strong>ardentibus</strong></span> <span class='ocrx_word' id='word_1_136' title='bbox 749 3073 871 3133; x_wconf 92' lang='lat' dir='ltr'><strong>iniecti.</strong></span> <span class='ocrx_word' id='word_1_137' title='bbox 915 3075 1003 3134; x_wconf 93' lang='lat' dir='ltr'><strong>Non-</strong></span> 
     </span>
     <span class='ocr_line' id='line_1_25' title="bbox 247 3170 1039 3247; baseline -0.005 -17"><span class='ocrx_word' id='word_1_138' title='bbox 247 3172 318 3232; x_wconf 92' lang='lat' dir='ltr'><strong>dum</strong></span> <span class='ocrx_word' id='word_1_139' title='bbox 344 3171 463 3230; x_wconf 87' lang='lat' dir='ltr'><strong>iratres</strong></span> <span class='ocrx_word' id='word_1_140' title='bbox 484 3170 546 3230; x_wconf 90' lang='lat' dir='ltr'><strong>ista</strong></span> <span class='ocrx_word' id='word_1_141' title='bbox 575 3170 655 3230; x_wconf 89' lang='lat' dir='ltr'><strong>estis</strong></span> <span class='ocrx_word' id='word_1_142' title='bbox 686 3172 828 3247; x_wconf 85' lang='lat' dir='ltr'><strong>experti3</strong></span> <span class='ocrx_word' id='word_1_143' title='bbox 858 3172 1002 3231; x_wconf 91' lang='lat' dir='ltr'><strong>nondum</strong></span> <span class='ocrx_word' id='word_1_144' title='bbox 1013 3186 1039 3226; x_wconf 71' lang='lat' dir='ltr'><strong>as</strong></span> 
     </span>
    </p>

    <p class='ocr_par' dir='ltr' id='par_1_5' title="bbox 192 3267 1004 3441">
     <span class='ocr_line' id='line_1_26' title="bbox 192 3267 1003 3360; baseline 0.002 -34"><span class='ocrx_word' id='word_1_145' title='bbox 192 3329 194 3360; x_wconf 64' lang='lat' dir='ltr'><strong>r</strong></span> <span class='ocrx_word' id='word_1_146' title='bbox 247 3267 290 3328; x_wconf 88' lang='lat' dir='ltr'><strong>sic</strong></span> <span class='ocrx_word' id='word_1_147' title='bbox 321 3268 470 3343; x_wconf 89' lang='lat' dir='ltr'><strong>temptati</strong></span> <span class='ocrx_word' id='word_1_148' title='bbox 501 3285 562 3328; x_wconf 92' lang='lat' dir='ltr'><strong>nec</strong></span> <span class='ocrx_word' id='word_1_149' title='bbox 594 3269 736 3343; x_wconf 91' lang='lat' dir='ltr'><strong>probati:</strong></span> <span class='ocrx_word' id='word_1_150' title='bbox 774 3271 918 3330; x_wconf 90' lang='lat' dir='ltr'><strong>nondum</strong></span> <span class='ocrx_word' id='word_1_151' title='bbox 955 3269 1003 3328; x_wconf 90' lang='lat' dir='ltr'><strong>sic</strong></span> 
     </span>
     <span class='ocr_line' id='line_1_27' title="bbox 247 3366 1004 3441; baseline 0.001 -17"><span class='ocrx_word' id='word_1_152' title='bbox 247 3366 350 3427; x_wconf 85' lang='lat' dir='ltr'><strong>vexati</strong></span> <span class='ocrx_word' id='word_1_153' title='bbox 373 3383 435 3425; x_wconf 93' lang='lat' dir='ltr'><strong>nec</strong></span> <span class='ocrx_word' id='word_1_154' title='bbox 457 3368 635 3441; x_wconf 85' lang='lat' dir='ltr'><strong>verberati3</strong></span> <span class='ocrx_word' id='word_1_155' title='bbox 657 3368 803 3427; x_wconf 93' lang='lat' dir='ltr'><strong>nondum</strong></span> <span class='ocrx_word' id='word_1_156' title='bbox 825 3366 873 3426; x_wconf 92' lang='lat' dir='ltr'><strong>sic</strong></span> <span class='ocrx_word' id='word_1_157' title='bbox 894 3366 1004 3441; x_wconf 88' lang='lat' dir='ltr'><strong>derisi,</strong></span> 
     </span>
    </p>

    <p class='ocr_par' dir='ltr' id='par_1_6' title="bbox 191 3444 1041 3737">
     <span class='ocr_line' id='line_1_28' title="bbox 191 3444 1004 3541; baseline 0.002 -19"><span class='ocrx_word' id='word_1_158' title='bbox 191 3444 193 3462; x_wconf 61' lang='lat'><strong>⁴</strong></span> <span class='ocrx_word' id='word_1_159' title='bbox 246 3480 304 3523; x_wconf 91' lang='lat' dir='ltr'><strong>nec</strong></span> <span class='ocrx_word' id='word_1_160' title='bbox 328 3465 538 3524; x_wconf 91' lang='lat' dir='ltr'><strong>contumeliis</strong></span> <span class='ocrx_word' id='word_1_161' title='bbox 561 3465 693 3541; x_wconf 87' lang='lat' dir='ltr'><strong>repleti:</strong></span> <span class='ocrx_word' id='word_1_162' title='bbox 720 3466 864 3525; x_wconf 91' lang='lat' dir='ltr'><strong>nondum</strong></span> <span class='ocrx_word' id='word_1_163' title='bbox 887 3466 927 3524; x_wconf 93' lang='lat' dir='ltr'><strong>de</strong></span> <span class='ocrx_word' id='word_1_164' title='bbox 950 3466 1004 3524; x_wconf 94' lang='lat' dir='ltr'><strong>do-</strong></span> 
     </span>
     <span class='ocr_line' id='line_1_29' title="bbox 247 3561 1004 3641; baseline 0.001 -21"><span class='ocrx_word' id='word_1_165' title='bbox 247 3561 353 3621; x_wconf 93' lang='lat' dir='ltr'><strong>mibus</strong></span> <span class='ocrx_word' id='word_1_166' title='bbox 376 3561 495 3621; x_wconf 90' lang='lat' dir='ltr'><strong>vestris</strong></span> <span class='ocrx_word' id='word_1_167' title='bbox 524 3564 611 3623; x_wconf 91' lang='lat' dir='ltr'><strong>nude</strong></span> <span class='ocrx_word' id='word_1_168' title='bbox 641 3573 673 3623; x_wconf 91' lang='lat' dir='ltr'><strong>et</strong></span> <span class='ocrx_word' id='word_1_169' title='bbox 702 3562 919 3641; x_wconf 90' lang='lat' dir='ltr'><strong>ignominiose</strong></span> <span class='ocrx_word' id='word_1_170' title='bbox 951 3580 1004 3622; x_wconf 86' lang='lat' dir='ltr'><strong>ex-</strong></span> 
     </span>
     <span class='ocr_line' id='line_1_30' title="bbox 248 3658 1041 3737; baseline -0.001 -20"><span class='ocrx_word' id='word_1_171' title='bbox 248 3658 342 3733; x_wconf 91' lang='lat' dir='ltr'><strong>pulsi,</strong></span> <span class='ocrx_word' id='word_1_172' title='bbox 365 3668 398 3718; x_wconf 90' lang='lat' dir='ltr'><strong>et</strong></span> <span class='ocrx_word' id='word_1_173' title='bbox 419 3676 478 3735; x_wconf 94' lang='lat' dir='ltr'><strong>per</strong></span> <span class='ocrx_word' id='word_1_174' title='bbox 498 3660 622 3736; x_wconf 87' lang='lat' dir='ltr'><strong>plateas</strong></span> <span class='ocrx_word' id='word_1_175' title='bbox 637 3662 767 3737; x_wconf 93' lang='lat' dir='ltr'><strong>publice</strong></span> <span class='ocrx_word' id='word_1_176' title='bbox 783 3660 885 3720; x_wconf 87' lang='lat' dir='ltr'><strong>tracti.</strong></span> <span class='ocrx_word' id='word_1_177' title='bbox 916 3659 1041 3718; x_wconf 81' lang='lat' dir='ltr'><strong>Non-ao</strong></span> 
     </span>
    </p>
   </div>
   <div class='ocr_carea' id='block_1_5' title="bbox 248 3755 1002 3904">
    <p class='ocr_par' dir='ltr' id='par_1_7' title="bbox 248 3755 1002 3904">
     <span class='ocr_line' id='line_1_31' title="bbox 248 3755 1002 3835; baseline -0.001 -21"><span class='ocrx_word' id='word_1_178' title='bbox 248 3755 324 3815; x_wconf 92' lang='lat' dir='ltr'><strong>dum</strong></span> <span class='ocrx_word' id='word_1_179' title='bbox 367 3774 473 3833; x_wconf 91' lang='lat' dir='ltr'><strong>usque</strong></span> <span class='ocrx_word' id='word_1_180' title='bbox 514 3759 553 3818; x_wconf 97' lang='lat' dir='ltr'><strong>ad</strong></span> <span class='ocrx_word' id='word_1_181' title='bbox 595 3758 765 3835; x_wconf 89' lang='lat' dir='ltr'><strong>sanguinis</strong></span> <span class='ocrx_word' id='word_1_182' title='bbox 808 3756 1002 3817; x_wconf 87' lang='lat' dir='ltr'><strong>effusionem</strong></span> 
     </span>
     <span class='ocr_line' id='line_1_32' title="bbox 613 3862 641 3904; baseline -0.036 0"><span class='ocrx_word' id='word_1_183' title='bbox 613 3862 641 3904; x_wconf 84' lang='lat'><strong>79</strong></span> 
     </span>
    </p>
   </div>
   <div class='ocr_carea' id='block_1_6' title="bbox 0 0 1366 4659">
    <p class='ocr_par' dir='ltr' id='par_1_8' title="bbox 0 0 1366 4659">
     <span class='ocr_line' id='line_1_33' title="bbox 0 0 1366 4659; baseline 0 0"><span class='ocrx_word' id='word_1_184' title='bbox 0 0 1366 4659; x_wconf 95' lang='lat' dir='ltr'><strong> </strong></span> 
     </span>
    </p>
   </div>
  </div>
 </body>
</html>
