2692 4659
307 676 468 729 ww
495 676 657 719 SERMONES
673 676 713 718 ΑΙ)
730 675 879 719 Novtctos
903 676 1069 729 ww

308 810 442 885 menda,
478 810 622 870 suaviter
652 809 827 886 gustanda3
863 809 1073 871 incessanter

309 909 492 984 recolenda,
509 907 662 969 ardenter
676 907 918 984 amplectenda:
941 918 975 969 et
991 910 1072 970 coti·

309 1007 361 1067 die
390 1024 447 1082 pro
476 1006 622 1066 omnium
651 1008 756 1067 salute
784 1006 971 1083 gratissime
998 1008 1070 1067 Deo

310 1103 396 1163 Patri
432 1104 609 1164 offerenda.
657 1104 740 1163 Nam
777 1104 930 1180 quotiens
966 1104 1072 1164 missa

286 1202 501 1275 sceiebratur,
523 1210 555 1261 et
577 1202 684 1261 hostia
699 1201 799 1261 verbo
817 1200 876 1261 Dei
895 1217 1072 1260 consecra-

309 1308 374 1374 tur3
390 1298 510 1359 totiens
522 1301 613 1359 Deus
629 1308 742 1359 noster
751 1299 790 1358 ad
801 1298 953 1358 homines
964 1301 1072 1360 venit:

309 1414 366 1472 pro
389 1396 578 1457 hominibus
600 1399 640 1458 de
663 1397 753 1457 caelo
776 1396 963 1472 descendit3
994 1415 1071 1457 cum

309 1493 497 1553 hominibus
513 1511 646 1554 manere
662 1494 835 1570 desiderat,
851 1512 934 1571 quos
945 1496 1073 1556 creavit

309 1601 340 1651 et
369 1592 523 1653 redemit:
555 1609 592 1652 ac
621 1592 654 1652 in
684 1601 852 1653 aeternum
881 1592 1073 1654 beatificare

276 1689 448 1751 rointendit
470 1690 555 1751 sicut
578 1689 728 1766 promisit
750 1690 873 1750 dicens.
908 1691 994 1751 Ecce
1010 1709 1074 1768 ego

309 1787 479 1847 vobiscum
512 1806 584 1848 sum
617 1789 769 1848 omnibus
798 1788 930 1848 diebus:
962 1806 1074 1865 usque

309 1885 348 1944 ad
357 1887 672 1947 consummationem
682 1885 815 1946 saeculi.
832 1885 1072 1948 Osolaciosum

309 1983 445 2042 verbum
469 2001 487 2042 0
510 1984 598 2059 pium
623 1994 654 2044 et
675 1984 770 2044 fidele
785 1983 1028 2045 testimonium:
1053 2004 1073 2047 o

311 2098 462 2157 magnum
485 2090 517 2141 et
532 2081 745 2142 indubitabile
760 2082 974 2159 divinumque
997 2101 1073 2159 pro-

277 2179 466 2255 rsmissum3
496 2181 602 2240 Deum
627 2180 748 2240 habere
771 2197 884 2240 secum
907 2180 941 2241 in
962 2198 1074 2241 sacra-

311 2287 420 2336 mento
447 2288 670 2353 praesentem:
700 2294 797 2354 quem
820 2278 925 2355 angeli
948 2280 1075 2341 habent

311 2386 342 2434 et
364 2374 498 2435 adorant
520 2375 552 2434 in
576 2377 666 2435 caelo
689 2386 889 2452 regnantem.

351 2473 490 2549 Quando
526 2490 603 2549 ergo
639 2491 731 2533 sacra
766 2475 873 2534 hostia
908 2474 941 2534 in
976 2475 1073 2534 altari

310 2571 488 2634 sacerdotis
510 2572 661 2632 manibus
683 2573 809 2631 levatur
831 2583 862 2632 et
879 2572 1074 2633 hominibus

275 2669 472 2730 20adoranda
499 2669 699 2744 ostenditur3
728 2678 804 2729 tunc
828 2669 984 2731 Christus
1013 2688 1074 2746 pro

311 2767 406 2828 nobis
434 2786 551 2844 passus
580 2777 612 2827 et
641 2768 817 2828 crucifixus
846 2769 906 2828 sub
929 2770 1075 2845 mystico

311 2867 473 2926 velamine
489 2875 731 2942 praesentatur:
746 2885 824 2927 vere
840 2868 1002 2941 adoratur,
1018 2868 1076 2927 de-

311 2974 385 3024 vote
397 2964 577 3038 invocatur,
592 2963 689 3040 digne
700 2965 887 3025 honoratur.
911 2964 1075 3040 Quicum-

311 3079 375 3137 que
397 3060 495 3137 igitur
516 3060 656 3120 voluerit
678 3062 835 3136 templum
853 3060 914 3120 Dei
938 3060 1075 3139 intrare,

275 3178 302 3218 25
312 3170 343 3219 et
365 3177 475 3219 orare:
498 3170 552 3219 aut
567 3160 676 3236 legere
692 3170 746 3219 aut
762 3168 902 3234 cantare,
924 3169 979 3218 aut
996 3160 1076 3219 mis-

311 3276 380 3317 sam
403 3258 516 3318 audire
538 3258 590 3317 vel
606 3259 793 3332 celebrare3
815 3257 911 3316 debet
927 3256 1020 3332 prius
1035 3276 1075 3319 se

312 3373 515 3432 praeparare,
540 3366 571 3415 et
594 3373 666 3415 curn
691 3355 743 3431 pia
766 3354 947 3415 intentione
969 3354 1016 3415 ita
1036 3374 1077 3416 se

311 3454 487 3529 disponere
505 3470 541 3512 ac
558 3452 716 3529 cogitare:
739 3452 832 3530 quasi
848 3453 887 3512 ad
903 3469 1074 3513 summum

311 3551 498 3627 pontificem
528 3561 560 3612 et
588 3552 818 3628 imperatorem
844 3562 933 3612 esset
956 3550 1077 3629 iturus,

275 3650 345 3711 aoin
368 3650 556 3710 necessaria
577 3667 676 3709 causa
698 3649 820 3727 aliquid
836 3649 999 3725 petiturus
1015 3668 1077 3727 pro

312 3766 349 3808 se
380 3759 411 3808 et
442 3747 566 3809 amicis.
617 3749 709 3808 Iuvat
741 3747 828 3807 enim
861 3756 1010 3807 orantem
1043 3761 1078 3810 et

670 3854 712 3895 aro
