2692 4659
275 810 398 869 Beatus
414 808 513 884 igitur
526 808 583 869 ille
598 808 773 884 religiosus
788 808 820 867 in
833 808 927 868 cuius
938 810 1035 869 corde

275 907 328 966 lex
351 906 414 966 Dei
444 906 640 984 requiescit3
670 906 766 965 cuius
797 922 835 964 os
863 905 1037 966 meditatur

275 1004 470 1080 sapientiam
494 1013 692 1078 sanctorum,
714 1021 779 1063 non
802 1003 924 1063 saeculi
947 1004 1036 1063 vani-

274 1110 391 1162 tatem:
423 1101 519 1161 cuius
547 1100 657 1176 lingua
685 1100 812 1160 erudita
841 1112 965 1161 rectum
988 1102 1036 1161 iu·

275 1199 398 1259 dicium
427 1198 461 1258 in
491 1198 579 1258 omni
602 1215 701 1258 causa
729 1207 859 1274 tractat,
890 1216 931 1259 ne
958 1200 1058 1275 quids

276 1298 398 1357 frustra
419 1296 512 1372 quasi
535 1296 567 1355 in
590 1305 724 1355 ventum
748 1297 920 1372 producat3
942 1296 1036 1356 cuius

275 1394 361 1453 bona
383 1412 483 1471 opera
504 1394 542 1453 ad
560 1393 620 1453 Dei
643 1393 884 1469 beneplacitum
906 1411 1037 1470 semper

276 1492 430 1551 tendunt:
454 1491 547 1550 cuius
569 1507 704 1567 gressus
726 1491 815 1551 intus
831 1503 862 1552 et
885 1492 965 1551 loris
987 1510 1036 1552 se·

277 1591 420 1650 cundum
444 1589 610 1667 eloquium
629 1590 776 1650 divinum
799 1590 982 1665 diriguntur
1003 1590 1035 1648 in

277 1689 410 1747 bonum.
448 1687 612 1764 Sapientis
627 1705 704 1765 ergo
727 1699 759 1749 et
780 1688 960 1764 spiritualis
975 1688 1035 1747 viri
1048 1699 1072 1739 10

277 1786 420 1846 studium
451 1795 502 1845 est
532 1786 720 1846 discernere
747 1803 861 1846 verum
891 1803 909 1844 a
938 1785 1037 1859 lals0;

277 1883 391 1943 vitium
407 1901 426 1942 a
441 1883 571 1959 virtute,
587 1884 810 1944 necessarium
828 1902 845 1943 a
861 1884 1037 1958 superlluo,

280 1984 455 2042 honestum
471 1981 674 2041 ascanda10:
695 1982 817 2041 clarum
834 1981 872 2040 ab
888 1981 1038 2055 obscuro,

280 2080 459 2156 expediens
475 2079 513 2139 ab
529 2078 653 2153 illicito,
675 2078 835 2154 privatum
859 2078 1038 2154 apublic03

281 2178 452 2238 distortum
484 2194 502 2235 a
533 2187 639 2252 recto,
670 2177 791 2237 iustum
819 2193 841 2236 a
871 2194 1038 2253 perverso,
1049 2192 1074 2231 15

282 2275 531 2351 simplicemque
561 2275 599 2333 ab
628 2283 751 2334 astuto:
783 2274 991 2334 innocentem
1020 2292 1039 2333 a

283 2372 354 2431 licto
378 2382 410 2431 et
433 2372 557 2431 doloso.
599 2372 693 2431 Vnde
718 2371 880 2433 Dominus
908 2388 967 2447 per
992 2371 1038 2430 le·

282 2470 415 2529 remiam
448 2470 638 2545 prophetam
676 2469 719 2529 ait
755 2470 787 2528 in
819 2469 947 2528 laudem
977 2468 1037 2526 viri

282 2566 366 2627 iusti.
411 2567 445 2627 Si
475 2568 681 2642 separaveris
709 2568 889 2643 pretiosum
919 2584 937 2625 a
965 2566 1038 2625 vili:

283 2664 372 2740 quasi
406 2682 444 2724 os
476 2682 585 2725 meum
617 2666 694 2725 eris.
737 2666 843 2725 Verax
873 2674 905 2724 et
933 2664 1074 2724 iustuszo

282 2773 330 2822 est
351 2764 454 2837 Deus,
477 2772 509 2822 et
530 2762 670 2823 iustitias
693 2762 821 2822 dilexit:
844 2761 1039 2838 aequitatem

283 2862 360 2922 vidit
382 2862 493 2921 vultus
515 2861 597 2921 eius.
641 2861 679 2919 Et
701 2860 775 2920 ideo
805 2861 886 2920 tales
914 2860 1040 2937 quaerit

283 2970 313 3020 et
347 2960 468 3036 diligit:
504 2961 558 3037 qui
595 2960 763 3019 ambulent
795 2977 903 3019 coram
936 2978 974 3020 eo
1006 2959 1039 3019 in

283 3058 428 3119 veritate.
461 3058 588 3118 Horum
610 3076 746 3135 gressus
767 3075 834 3117 non
857 3058 1040 3134 supplanta·

283 3158 402 3217 buntur
437 3157 476 3215 ab
512 3156 700 3216 adversario
744 3156 889 3230 diabolo;
930 3172 991 3214 nec
1023 3170 1076 3214 aas

283 3255 393 3316 mundi
416 3254 658 3329 blandimentis,
680 3271 741 3313 nec
764 3272 781 3313 a
803 3253 943 3329 propriis
966 3270 1041 3312 con·

284 3352 512 3430 cupiscentiis:
534 3369 642 3428 neque
665 3353 704 3411 ab
727 3352 864 3411 aliorum
891 3349 1041 3421 laudibus

282 3461 333 3512 aut
355 3449 528 3526 vituperiis
550 3449 761 3509 seducuntur.
803 3449 885 3508 Nam
910 3448 1041 3507 dextera

283 3549 341 3609 Dei
354 3548 494 3625 protegit
503 3547 690 3623 gradientes
701 3547 733 3605 in
750 3545 956 3622 simplicitate
973 3563 1041 3604 cor-

282 3647 329 3707 dis
344 3648 407 3707 sub
429 3645 490 3705 alis
510 3645 596 3704 suis:
619 3652 651 3704 et
666 3644 775 3703 omnia
797 3661 879 3720 quae
902 3642 1077 3704 dixerintsu

278 3753 308 3803 et
337 3742 477 3804 fecerint
505 3742 544 3801 ad
574 3742 751 3801 maximum
785 3742 834 3801 eis
866 3740 1039 3817 proficient

646 3848 673 3887 as
