2692 4659
235 416 569 468 ΘΘΘῘΘΘΘΘΘ
581 415 671 457 xxvrn
684 414 1004 467 &Quotam

286 549 441 609 Secundo
464 548 596 607 domum
619 547 681 607 Dei
710 547 884 625 praecipue
911 555 1003 607 ornat

239 657 276 707 et
293 647 456 707 illuminat
472 647 592 706 chorus
607 646 819 705 clericorum:
835 662 908 705 cum
926 645 1003 705 coti·

240 746 299 805 die
316 747 417 804 horae
428 743 604 804 canonicae
620 743 658 802 ab
670 743 812 803 ecclesia
826 743 1004 817 institutae,

240 862 263 902 a
279 841 411 902 clericis
434 852 466 902 et
482 841 644 917 religiosis
666 841 828 917 personis,
850 841 1003 917 tempori·

241 943 309 1001 bus
338 940 409 999 suis
431 938 539 999 debite
561 938 811 1014 persolvuntur;
840 947 872 998 et
894 939 1026 999 omnias

241 1038 406 1099 cantanda
421 1049 453 1097 et
467 1037 613 1113 legenda,
626 1037 665 1096 ad
680 1038 840 1097 honorem
857 1036 917 1097 Dei
935 1053 1002 1096 mo·

241 1137 340 1196 deste
363 1145 394 1195 et
414 1137 552 1196 honeste
576 1135 656 1195 fiunt
679 1145 711 1195 et
726 1135 947 1210 complentur:
970 1144 1002 1193 et

241 1234 355 1294 omnis
378 1235 509 1311 levitas,
538 1234 694 1309 strepitus
717 1242 748 1293 et
771 1232 921 1292 confusio
943 1250 1001 1308 pro

241 1349 345 1407 posse
367 1333 479 1393 stricte
502 1331 652 1392 vitantur.

285 1429 396 1490 Tertio
426 1430 558 1490 domum
582 1429 642 1488 Dei
675 1428 816 1489 maxime
847 1437 939 1487 ornat
970 1437 1038 1490 etro

241 1527 427 1588 illuminat:
450 1544 524 1588 cum
541 1527 678 1586 verbum
695 1527 756 1587 Dei
781 1527 970 1603 frequenter
985 1543 1003 1584 a

240 1625 481 1701 sacerdotibus,
496 1625 681 1701 pastoribus
697 1635 728 1685 et
744 1623 932 1685 doctoribus
947 1641 1002 1700 po·

241 1724 323 1801 pulo
352 1722 547 1797 christiano,
575 1723 707 1799 regibus
736 1732 768 1783 et
788 1721 1001 1799 principibus,

241 1822 383 1882 senibus
399 1830 431 1881 et
445 1820 631 1896 iuvenibus,
652 1821 797 1897 parvulis
817 1830 849 1880 et
864 1819 1001 1895 magnis,

242 1931 383 1981 strenue
398 1918 614 1995 praedicatur,
629 1929 660 1979 et
671 1918 764 1995 quasi
780 1919 856 1979 tuba
867 1918 999 1978 caelesti
1012 1941 1036 1981 15

240 2035 287 2079 ne
318 2026 456 2094 peccent
486 2016 657 2093 suppliciis
690 2025 869 2077 terrentur:
898 2025 931 2075 et
958 2034 1000 2076 ne

240 2118 422 2192 desperent
444 2115 587 2175 aeternis
602 2115 758 2191 praemiis
780 2115 1001 2175 consolantur.

242 2215 368 2290 Magna
398 2213 485 2273 enim
517 2213 662 2289 praemia
697 2213 862 2273 habebunt
897 2212 1000 2272 sancti

239 2312 435 2372 sacerdotes
464 2321 497 2371 et
517 2311 776 2388 praedicatores,
804 2311 859 2388 qui
882 2311 948 2371 vita
970 2321 1001 2371 et

239 2410 392 2471 doctrina
403 2408 1037 2470 multoserudiunt:etadvirtutesfre·ao

238 2519 385 2586 quenter
399 2508 603 2569 admonendo
626 2509 758 2569 trahunt
780 2518 812 2569 et
833 2508 1000 2567 accedunt.

238 2608 340 2669 Vnde
367 2608 406 2667 de
428 2617 541 2668 sancto
570 2618 660 2684 patre
689 2618 801 2668 nostro
823 2606 1001 2682 Augustino

237 2706 386 2785 glorioso
406 2714 537 2766 sanctae
557 2706 717 2766 ecclesiae
733 2707 865 2766 doctore
885 2706 1002 2781 legitur

238 2814 275 2864 et
297 2813 460 2864 cantatur:
483 2804 558 2881 quia
579 2805 716 2864 verbum
740 2804 800 2864 Dei
830 2820 935 2880 usque
961 2805 1001 2864 ad

237 2903 347 2978 ipsam
368 2918 460 2961 suam
476 2901 712 2978 aegritudinem
735 2901 1037 2978 inpraetermissezs

237 2999 393 3059 alacriter
408 3009 440 3059 et
456 2999 592 3076 fortiter,
613 3017 693 3059 sana
714 3009 834 3075 mente,
856 3016 1000 3076 sanoque

238 3096 382 3158 consilio
413 3097 447 3157 in
476 3106 588 3157 sancta
618 3098 759 3158 ecclesia
787 3097 1000 3173 praedicabat.

239 3195 312 3273 Qui
335 3195 406 3256 Deo
435 3195 610 3257 auxiliante
640 3196 695 3257 diu
717 3196 797 3256 vixit
826 3196 859 3255 in
880 3195 1000 3255 virtute

237 3310 301 3372 pro
324 3293 501 3353 multorum
524 3294 638 3368 salute,
660 3294 809 3354 scribens
831 3293 947 3367 libros,
969 3303 1001 3353 et

237 3392 367 3452 docens
381 3390 522 3451 inscios:
538 3402 682 3452 sanctam
699 3392 871 3452 ecclesiam
894 3391 1037 3451 multi-ao

238 3488 357 3550 tudine
378 3489 535 3550 librorum
565 3507 699 3550 suorum
729 3489 900 3567 magnifice
922 3490 999 3549 dita-

602 3594 644 3637 aaa
