2692 4659
353 683 514 737 mm
531 682 599 723 VITA
616 680 779 723 LIDEWIGIS
794 680 931 723 VIRGINIS
951 680 1134 734 ,Qum-

355 816 493 891 Christi,
515 816 670 893 singulari
694 816 841 876 omnium
864 815 1016 875 dolorum
1041 833 1115 876 suo·

354 932 424 975 rum
457 914 602 974 remedio
633 922 731 989 atque
762 912 877 973 solatio
913 913 1115 974 suavissimo

354 1031 430 1090 prae
452 1012 605 1073 omnibus
627 1012 710 1072 cibis
732 1012 793 1071 sibi
817 1010 1041 1088 sapidissimo.

411 1217 466 1277 ns
488 1215 636 1276 vnnns
659 1214 980 1278 innovorussvs
1006 1214 1060 1275 Er

330 1313 617 1376 snotomssvs
641 1311 734 1374 ann
760 1314 832 1374 nra
855 1311 1107 1391 nocervs

553 1410 909 1489 ronovanrrssvs.

590 1561 796 1611 CAPITVLVM
814 1559 872 1608 Vll.

355 1636 655 1855 Qompletum
680 1708 729 1758 est
751 1698 784 1756 in
800 1697 861 1756 hac
882 1696 1012 1773 virgine
1028 1698 1117 1774 quod

485 1795 526 1856 de
554 1795 648 1855 beato
679 1796 734 1855 lob
763 1794 890 1871 legitur.
938 1794 1046 1855 Nocte
1077 1812 1117 1855 os

320 1914 344 1955 ιο
354 1911 462 1954 meum
479 1893 647 1954 doloribus
662 1894 862 1971 perforatur3
884 1892 985 1968 etqui
1004 1910 1116 1953 come·

353 1990 433 2051 dunt
464 2009 516 2051 me
548 2008 612 2051 non
644 1990 825 2051 dormiunt:
856 2006 874 2047 a
903 1990 1117 2052 multitudine

354 2106 467 2148 eorum
498 2089 703 2149 consumitur
726 2087 959 2148 vestimentum
989 2106 1116 2151 meum.

315 2227 318 2233 -
356 2187 456 2263 Igitur
486 2187 714 2248 deficientibus
750 2186 950 2246 medicorum
986 2187 1117 2248 artibus

355 2296 387 2346 et
409 2286 554 2346 ciborum
587 2285 811 2346 nutrimentis:
843 2285 1017 2364 languores
1040 2286 1117 2347 eius

322 2384 474 2444 iscotidie
505 2385 796 2460 augmentabantur
817 2384 850 2443 in
882 2384 985 2462 peius.
1026 2385 1115 2444 lace-

356 2481 473 2557 batque
510 2481 542 2539 in
579 2482 699 2542 lectulo
734 2482 815 2542 duro
848 2484 939 2561 virgo
975 2484 1115 2545 misera·

354 2579 463 2639 biliter
493 2578 630 2654 afflicta,
662 2589 694 2639 et
725 2597 857 2639 corrosa
885 2581 1116 2658 avermibus3

355 2676 409 2752 qui
433 2676 473 2735 de
489 2675 635 2751 virgineo
658 2694 794 2753 corpore
817 2695 856 2737 ex
871 2677 1116 2754 putrefactione

355 2773 433 2847 orti,
455 2789 571 2832 carnes
594 2773 666 2833 eius
689 2775 918 2837 comedebant:
948 2787 979 2837 et
1002 2786 1115 2839 tamen

318 2871 464 2931 :onullus
508 2870 612 2930 foetor
647 2889 687 2931 ex
723 2873 771 2932 eis
806 2874 1010 2949 procedebat.
1056 2876 1116 2937 Isti

354 2985 484 3028 vermes
514 2978 606 3028 erant
626 2968 725 3044 grisei
758 2971 877 3030 coloris
908 2971 994 3048 pleni
1029 2990 1118 3049 aqua

353 3065 478 3140 grisea,
500 3067 658 3127 habentes
681 3067 785 3143 capita
806 3067 914 3145 nigra3
941 3069 1048 3145 grossi
1074 3071 1116 3131 ad

354 3163 601 3239 spissitudinem
618 3175 782 3225 extremae
798 3165 898 3241 partis
914 3165 1013 3225 unius
1030 3167 1117 3229 fusi:

355 3260 440 3336 longi
470 3261 509 3319 ad
533 3278 719 3321 mensuram
750 3261 839 3338 parvi
869 3262 996 3322 articuli
1021 3265 1116 3341 digiti

318 3358 499 3418 zshumani.

397 3456 543 3517 Habebat
566 3457 661 3517 etiam
686 3457 718 3516 in
737 3474 873 3533 corpore
895 3476 956 3518 suo
978 3471 1118 3524 sanctae

354 3551 520 3614 Trinitatis
535 3554 695 3631 discipula
712 3554 772 3614 tria
794 3572 909 3630 magna
932 3555 1118 3622 foramina:

356 3669 395 3710 ex
411 3668 548 3727 quorum
573 3670 637 3712 uno
660 3652 746 3711 circa
761 3661 909 3712 ventrem
932 3653 1119 3720 effluebant

355 3749 550 3825 quandoque
590 3767 721 3810 vermes
768 3749 923 3826 praedicti
967 3753 1120 3829 copiose.

710 3853 751 3895 aaz
