2692 4659
360 672 520 725 &m
548 669 710 713 SERMONES
725 671 765 712 Ab
781 668 931 712 NOVICIOS
956 670 1121 722 mm

362 805 453 864 Haec
468 814 545 864 sunt
559 813 711 864 aeternae
722 802 837 863 salutis
852 803 1024 863 miracula:
1036 820 1122 880 quae

361 902 466 962 adhuc
489 902 680 979 frequenter
701 911 853 976 operatur
864 900 1022 962 Christus
1045 918 1120 960 cum

361 999 487 1060 devotis
509 1000 591 1059 mira
612 999 794 1060 clementia.

682 1237 799 1286 ALIVD.

339 1336 573 1553 {ffloeidst
595 1392 735 1468 quodam
757 1402 903 1467 tempore
926 1392 960 1451 in
983 1393 1122 1469 quadra-

495 1488 620 1565 gesima
631 1488 717 1565 quod
729 1488 859 1565 quidam
877 1489 976 1549 frater
987 1500 1122 1567 rogatus

363 1587 422 1647 fuit
438 1586 603 1646 celebrare
625 1586 760 1645 missam
784 1602 878 1646 mane
895 1586 982 1646 circa
1003 1590 1120 1649 horam

362 1684 507 1760 quintam
539 1701 597 1759 pro
629 1683 814 1759 hospitibus
846 1693 878 1743 et
906 1694 972 1745 tota
1000 1686 1121 1745 domus

361 1792 492 1843 nostrae
508 1781 646 1857 familia:
666 1782 751 1841 sicut
766 1792 960 1842 consuetum
976 1794 1027 1844 est
1047 1783 1119 1844 lieri

328 1898 352 1937 ιο
361 1896 419 1957 pro
434 1880 519 1940 bona
534 1878 681 1939 custodia
703 1878 916 1939 laborantium
932 1879 966 1939 in
981 1880 1120 1941 officiis:

361 1988 393 2039 et
414 1995 473 2055 pro
495 1977 723 2038 itinerantibus
745 1976 778 2036 in
794 1977 846 2037 via
867 1978 1051 2054 propinqua
1065 1979 1119 2038 vel

362 2086 495 2136 remota.
527 2076 638 2135 Frater
652 2084 761 2135 autem
784 2075 839 2136 ille
858 2075 912 2151 pie
934 2076 1064 2136 annuit:
1087 2086 1121 2137 et

361 2191 401 2234 ex
424 2173 555 2233 caritate
577 2173 718 2233 libenter
740 2173 816 2234 fecit
831 2191 889 2249 pro
905 2190 969 2250 quo
985 2185 1119 2251 rogatus

362 2271 431 2332 fuit.
469 2271 543 2331 Erat
573 2281 651 2331 tunc
685 2272 804 2332 festum
835 2272 938 2332 sancti
962 2272 1118 2349 Gregorii

327 2386 477 2445 rspapae‚
507 2385 604 2445 quem
628 2368 728 2427 frater
749 2368 882 2444 speciali
905 2369 1024 2430 affectu
1048 2370 1121 2431 dili-

360 2467 469 2543 gebat:
492 2465 568 2542 quia
589 2465 623 2525 in
645 2467 718 2525 eius
740 2465 824 2526 festo
846 2467 977 2526 scholas
998 2468 1038 2527 ad
1054 2467 1122 2528 dis-

361 2564 502 2624 cendum
525 2564 733 2640 alphabetum
749 2581 823 2624 cum
839 2564 912 2624 aliis
927 2564 1039 2640 pueris
1055 2566 1123 2641 pri-

361 2663 459 2722 mitus
481 2662 621 2723 intravit.
658 2662 744 2724 Cum
768 2680 844 2740 ergo
860 2663 1057 2724 accessisset
1079 2668 1122 2726 ad

360 2761 460 2821 altare
476 2760 582 2836 coepit
598 2761 739 2837 cogitare
755 2763 884 2838 qualem
900 2761 1034 2821 missam
1051 2765 1123 2823 vel-

324 2859 404 2918 aolet
426 2858 551 2934 legere:
573 2859 613 2919 de
635 2859 758 2919 ieiunio
774 2861 826 2920 vel
842 2861 882 2920 de
905 2870 1017 2920 sancto
1035 2862 1123 2923 Gre-

359 2958 460 3034 gorio.
490 2958 604 3018 Statim
616 2958 707 3018 venit
722 2958 751 3019 ei
768 2959 806 3018 ad
822 2969 977 3034 mentem,
992 2969 1027 3019 tu
1038 2977 1123 3021 non-

360 3056 437 3115 dum
453 3056 560 3133 legisti
583 3056 717 3116 missam
734 3056 766 3116 in
783 3059 843 3116 hac
859 3058 1064 3118 hebdomada
1080 3061 1123 3120 de

360 3163 471 3214 sancta
481 3154 623 3231 Agnete:
634 3172 692 3231 pro
704 3155 837 3231 speciali
849 3172 947 3214 causa
961 3155 1018 3216 tibi
1031 3174 1122 3216 com-

363 3251 474 3312 missa.
507 3252 591 3329 Lege
608 3270 685 3330 ergo
701 3253 797 3313 modo
813 3253 853 3313 de
869 3252 1123 3331 sanctaAgnete

324 3366 435 3410 ascum
447 3350 582 3410 collecta
593 3350 633 3410 de
644 3361 757 3411 sancto
769 3351 946 3428 Gregorio:
963 3361 994 3412 et
1004 3361 1124 3428 postea

361 3447 505 3507 cantabis
527 3448 660 3508 missam
677 3449 716 3509 de
733 3466 771 3509 eo
787 3449 819 3509 in
836 3451 937 3509 choro
960 3466 1034 3509 cum
1050 3460 1121 3512 toto

361 3555 524 3605 conventu
547 3546 644 3606 corde
660 3546 812 3608 iucundo.
844 3547 933 3607 Fecit
948 3547 995 3607 sic
1011 3546 1046 3606 in
1061 3565 1121 3608 no-

364 3645 451 3704 mine
467 3645 599 3706 Domini
616 3663 690 3705 cum
706 3646 791 3706 bona
806 3645 939 3705 fiducia:
960 3645 1123 3707 solvendo

364 3753 438 3803 vota
453 3761 512 3803 sua
527 3743 567 3803 de
583 3753 696 3804 sancta
710 3742 837 3821 Agnete
852 3753 988 3819 patrona
1009 3754 1126 3804 nostra

720 3848 760 3889 ara
