2692 4659
273 663 600 717 mmm
624 663 692 706 xxix
716 665 1036 718 fflfflffifflffl

278 807 385 858 tutum
409 797 619 873 conculcatis
642 809 673 858 ct
695 798 807 874 spinas
829 808 1036 876 peccatorum

278 895 451 973 colligitis:
474 896 659 972 praesentia
673 897 759 956 bona
781 896 927 973 aspicitis
942 906 974 956 ct
991 897 1038 956 iu·

278 1005 353 1055 tura
380 994 465 1053 mala
493 1010 558 1052 non
587 993 786 1069 praevidetis
815 1010 876 1053 nec
905 992 1038 1053 timetis.

281 1093 354 1154 Cur
365 1092 455 1152 stulti
464 1109 525 1151 vos
540 1091 630 1168 ispos
641 1090 808 1166 decipitis;
824 1091 905 1151 etad
917 1101 1037 1151 rectam

280 1190 367 1251 viam
379 1207 444 1249 non
455 1188 594 1249 reditis?
609 1188 736 1249 Timete
747 1190 853 1249 Deum
865 1189 1061 1266 nequandos

281 1287 623 1362 irascaturuominus,
634 1296 666 1346 et
677 1287 818 1362 pereatis
830 1286 942 1346 citode
954 1297 1039 1346 terra

282 1402 356 1445 curn
386 1385 513 1461 impiis:
543 1394 574 1444 et
597 1384 762 1460 recipiatis
792 1384 957 1445 infernum
980 1403 1038 1461 pro

283 1482 411 1543 deliciis
433 1478 514 1558 quas'
544 1482 687 1542 amastis.
732 1482 857 1558 Dignus
880 1491 930 1541 est
952 1482 1037 1542 enirn

284 1580 453 1657 operarius
474 1580 626 1640 mercede
647 1597 722 1640 sua:
745 1580 815 1640 sive
831 1581 951 1639 bonurn
969 1580 1039 1641 sive

285 1680 404 1738 malurn
428 1677 543 1738 lecerit
565 1677 598 1736 in
621 1678 682 1737 hac
704 1677 778 1738 vita.
1052 1698 1076 1737 ιο

323 1776 431 1835 Habet
453 1774 549 1835 etiarn
573 1774 651 1835 felix
674 1785 706 1835 et
727 1786 838 1835 sancta
865 1786 968 1836 mater
989 1794 1040 1836 ec-

285 1873 384 1933 clesia
412 1890 471 1949 pro
500 1889 616 1949 magno
645 1873 766 1932 solacio
793 1883 825 1933 et
847 1874 965 1934 decore
987 1874 1041 1934 do-

287 1987 359 2030 rnus
392 1970 453 2030 Dei
490 1970 591 2029 multa
622 1980 809 2031 sanctorum
842 1989 977 2047 corpora
1008 1971 1039 2030 in

288 2069 370 2129 bona
392 2068 556 2129 custodia:
585 2069 673 2128 omni
703 2071 828 2130 honore
850 2069 955 2146 digna.
992 2068 1041 2129 Ad

288 2182 424 2243 quorum
441 2175 610 2242 aspectum
626 2167 719 2227 multi
736 2167 849 2227 lideles
861 2167 1042 2227 excitantur
1053 2190 1077 2229 15

288 2281 384 2341 saepe
406 2264 445 2323 ad
465 2280 609 2324 amorem
627 2264 688 2324 Dei
711 2274 743 2325 et
765 2265 893 2340 fletum3
915 2264 1042 2325 deside·

288 2371 394 2422 rantcr
409 2371 559 2436 petentes
574 2362 735 2422 cotidiana
750 2363 919 2440 suffragia:
934 2373 969 2422 ut
984 2380 1042 2439 per

289 2476 399 2521 eorum
415 2470 527 2520 sancta
542 2459 657 2520 merita
672 2459 1041 2536 mereanturpervenire

289 2558 323 2618 ad
333 2557 452 2635 gaudia
468 2566 610 2617 aeterna.
638 2557 732 2633 Quae
743 2565 793 2616 est
803 2557 889 2616 enirn
902 2558 1042 2618 ecclesia

290 2656 337 2715 vel
360 2655 485 2731 capella
509 2665 573 2715 tarn
596 2671 719 2731 pauper
741 2665 772 2714 et
794 2654 937 2730 modica3
958 2672 1077 2731 quaeao

289 2769 350 2813 non
380 2753 479 2812 habet
505 2754 557 2812 vel
589 2762 741 2828 procurat
768 2753 889 2813 habere
917 2752 1042 2829 aliquas

290 2867 396 2910 sacras
419 2850 574 2926 reliquias
596 2868 654 2927 pro
678 2860 791 2910 ornatu
821 2850 951 2910 oratorii
974 2851 1041 2911 sui:

289 2964 325 3008 ex
341 2948 516 3009 devotione
539 2965 616 3024 erga
637 2948 762 3008 animas
784 2957 969 3007 sanctorum
994 2965 1042 3007 re-

290 3045 454 3121 gnantium
485 3062 558 3105 cunr
583 3045 718 3106 Christo
740 3045 772 3104 in
794 3044 923 3121 gloria?
958 3046 1040 3105 Nam

290 3158 378 3203 sacra
394 3159 471 3203 ossa
492 3152 678 3203 sanctorum
701 3142 868 3202 humiliter
882 3142 1078 3218 venerari‚2s

290 3238 457 3300 Christum
486 3249 535 3299 est
558 3242 735 3299 honorare:
758 3239 791 3299 in
813 3239 932 3316 quibus
954 3240 1042 3299 habi-

291 3337 363 3398 tavit
393 3337 535 3414 Spiritus
564 3348 714 3413 sanctus3
743 3355 761 3396 a
789 3337 907 3413 quibus
936 3337 1042 3398 victus

293 3443 337 3493 est
351 3435 511 3495 mundus:
527 3444 558 3495 et
569 3434 717 3495 diabolus
733 3452 791 3511 per
807 3434 903 3494 iidem
916 3434 1040 3495 Christi

294 3532 455 3593 confusus.
486 3533 689 3610 Sperandum
712 3533 809 3609 igitur
823 3532 1043 3593 indubitanter

295 3630 373 3701 quod
402 3629 543 3691 libenter
564 3632 702 3691 orabunt
724 3649 782 3707 pro
804 3630 899 3690 nobis
927 3630 1077 3694 amicisao

296 3725 357 3787 suis
385 3728 418 3788 in
448 3738 534 3789 terra
563 3730 774 3806 degentibus3
796 3747 879 3806 quos
900 3728 1041 3789 viderint

643 3835 685 3875 aas
