2692 4659
273 686 1077 750 mmmmmmfflwmw'

274 830 401 890 hamus
438 831 520 890 Nam
544 830 598 890 illa
620 830 705 890 sicut
726 830 811 890 vitae
834 831 966 891 merito:
990 830 1033 890 ita

275 939 308 988 et
330 928 616 1004 contemplationis
645 929 838 1014 excellentia
860 947 958 1005 supra
980 947 1032 989 me

275 1026 456 1086 ascendere
471 1026 652 1086 consuevit.
680 1026 807 1086 Deinde
818 1027 956 1088 devotus
971 1028 1032 1087 iste

276 1124 413 1184 eremita
448 1125 631 1201 praedictos
667 1125 858 1201 peregrinos
894 1126 1033 1201 rogavit3

275 1232 438 1299 quatenus
454 1225 537 1282 hanc
549 1222 707 1299 virginem
724 1222 757 1282 in
774 1223 1055 1283 Hollandiavisi·⁵

275 1331 392 1395 tarent,
414 1330 585 1397 antequam
602 1320 641 1379 ad
657 1330 765 1396 partes
781 1338 857 1380 suas
873 1320 1032 1380 redirent:
1074 1335 1077 1341 ·

276 1426 309 1476 et
336 1434 376 1476 ex
405 1434 462 1476 ore
493 1434 554 1475 suo
585 1427 653 1476 tres
684 1417 743 1475 has
765 1418 975 1493 quaestiones
1002 1417 1031 1477 ei

276 1523 507 1590 proponerent.
545 1514 655 1573 Primo
678 1525 756 1590 quot
781 1532 884 1576 annos
906 1516 977 1592 ipse
1000 1517 1032 1575 in

276 1612 455 1672 solitudine
484 1613 662 1688 peregerit3
694 1614 839 1673 secundo
873 1624 950 1691 quot
979 1632 1033 1674 an-

276 1727 394 1770 norum
417 1720 494 1770 tunc
518 1710 593 1785 luit,
614 1710 744 1787 quando
767 1728 913 1771 eremum
936 1712 1069 1771 intra-ro

277 1810 340 1869 vit:
372 1809 468 1868 tertio
499 1808 577 1885 quid
606 1826 725 1869 causae
754 1810 815 1869 sibi
845 1811 1034 1884 occurrerit,

277 1907 366 1983 quod
395 1924 465 1966 eam
495 1906 527 1966 in
558 1907 653 1967 solita
684 1909 957 1984 contemplatione
979 1908 1032 1968 diu

276 2022 344 2064 non
356 2004 483 2063 viderit.
502 2003 580 2064 Post
591 2006 671 2064 haec
683 2005 845 2081 peregrini
857 2006 1032 2081 plurimum

277 2102 436 2162 consolati
467 2111 498 2161 et
527 2102 702 2162 aedificati:
718 2103 938 2163 valedicentes
965 2121 1034 2163 ere-

278 2201 392 2274 mitae,
421 2199 454 2259 in
478 2200 684 2260 Hollandiam
708 2210 739 2260 et
762 2201 935 2261 Schiedam
958 2211 1033 2261 sunt
1045 2216 1070 2255 15

278 2297 416 2358 reversi.
440 2298 582 2374 Ingressi
599 2316 676 2374 ergo
688 2300 865 2375 hospitium
877 2300 1033 2360 civitatis:

277 2404 392 2471 rogant
415 2394 576 2470 hospitem
600 2412 713 2469 suum,
742 2406 777 2455 ut
799 2396 894 2456 ducat
915 2414 973 2456 eos
994 2397 1033 2456 ad

276 2491 416 2568 virginis
452 2492 594 2552 domum.
648 2493 683 2552 ln
720 2493 814 2553 cuius
850 2494 1034 2570 praesentia

276 2588 464 2664 constituti,
493 2607 623 2649 causam
653 2591 813 2651 adventus
836 2592 886 2650 sui
910 2601 941 2651 et
964 2610 1034 2667 per-

276 2705 392 2747 sonam
410 2688 565 2747 eremitae
581 2688 636 2764 qui
653 2705 710 2747 eos
726 2689 859 2748 miserat
874 2690 1070 2749 indicant:2o

276 2794 428 2861 petentes
444 2796 478 2845 ut
493 2786 532 2844 ad
548 2786 731 2862 propositas
747 2786 807 2846 sibi
825 2787 1034 2862 quaestiones

277 2882 486 2959 respondeat.
519 2881 561 2942 At
583 2884 638 2942 illa
660 2901 699 2943 ex
723 2884 904 2944 humilitate
934 2886 1033 2944 latere

277 2981 1034 3058 malensquamaperteadquaestionesrespon-

276 3078 374 3138 dere:
391 3079 453 3137 hoc
469 3088 591 3138 tantum
609 3079 648 3139 de
664 3089 811 3155 tempore
827 3081 1035 3141 habitationis

276 3176 435 3235 eremitae
455 3176 487 3236 in
508 3177 699 3252 solitudine,
723 3195 918 3253 responsum
939 3195 1071 3255 quae-25

277 3274 427 3335 rentibus
443 3274 540 3334 dedit.
568 3274 743 3351 Quomodo
765 3293 825 3352 ego
848 3276 926 3336 illud
949 3275 1034 3335 scire

276 3372 439 3448 possem?
476 3372 637 3432 Dominus
664 3383 714 3433 est
736 3373 790 3450 qui
814 3374 913 3434 novit.
944 3373 1034 3433 Tunc

276 3470 324 3529 illi
356 3469 596 3546 quodammodo
628 3488 698 3530 earn
735 3471 949 3546 corripientes
980 3472 1035 3530 ob-

276 3567 400 3641 iciunt,
436 3583 536 3644 quare
572 3569 741 3629 veritatem
778 3569 877 3628 vellet
912 3569 1035 3628 celare:

276 3682 352 3725 cum
376 3666 456 3724 haec
478 3682 544 3725 non
566 3683 646 3741 ase,
668 3667 726 3726 sed
749 3683 788 3726 ex
808 3684 864 3726 ore
881 3666 1071 3727 eremitaeao

275 3764 525 3839 interrogarent.
563 3764 741 3838 Respondit
763 3781 857 3840 ergo:
873 3766 987 3823 decem
1004 3775 1035 3823 et

637 3870 679 3909 roa
883 3868 927 3909 aa·
