2692 4659
312 671 473 724 &ssffl
501 669 664 712 SERMONES
679 670 719 712 AD
735 669 885 713 NOVICIOS
911 672 1073 723 &Um

314 804 464 881 quiescit,
486 803 557 863 sive
572 804 714 864 comedit
733 812 788 864 aut
803 804 940 864 ieiunat:
963 804 1074 864 omnia

313 902 375 962 sibi
405 902 438 961 in
460 902 581 962 bonum
605 919 644 962 ex
670 902 787 962 merito
816 912 947 961 sanctae
976 903 1073 962 oboe-

314 999 455 1059 dientiae
477 1009 715 1075 computantur.
758 1000 841 1059 Nam
864 1000 897 1059 in
920 999 1073 1059 omnibus

313 1097 439 1157 actibus
478 1098 548 1157 suis
585 1097 743 1157 faciendis
779 1096 831 1157 vel
872 1095 1074 1156 dimittendis

290 1212 417 1271 saeque
439 1195 523 1254 bene
552 1205 697 1255 meretur
719 1195 746 1254 si
770 1212 806 1255 sc
837 1194 945 1269 ipsum
975 1194 1073 1269 plene

313 1291 401 1351 intus
424 1292 582 1369 resignat:
604 1293 631 1351 si
655 1292 688 1352 in
711 1292 763 1351 his
778 1291 1018 1367 beneplacitum
1041 1300 1074 1352 et

314 1391 472 1449 honorem
497 1390 559 1449 Dei
582 1389 744 1449 veraciter
767 1389 893 1466 quaerit
915 1399 947 1449 ct
968 1389 1074 1448 inten-

314 1486 369 1545 dit.
423 1487 460 1547 Et
490 1496 578 1547 tanto
610 1486 751 1561 amplius
782 1486 909 1561 proficit
938 1496 970 1546 et
1002 1488 1073 1546 Deo

313 1584 437 1659 gratius
459 1586 582 1660 placct3
611 1594 732 1659 quanto
755 1584 851 1644 citius
873 1594 905 1644 ct
933 1584 1073 1643 alacrius

279 1681 443 1757 roimplet:
472 1683 558 1758 quod
581 1683 733 1742 voluntas
755 1681 935 1757 superioris
964 1681 1072 1740 iacere

201 1848 204 1854 Ι
314 1778 422 1839 dictat.
453 1779 491 1839 Et
513 1780 540 1839 si
564 1779 684 1839 melius
706 1779 806 1839 sciret
828 1789 859 1839 et
875 1778 995 1838 clarius
1010 1777 1072 1837 sibi

314 1877 499 1937 mandatum
522 1878 759 1938 innotesceret:
789 1877 876 1937 omni
904 1876 1072 1936 nutatione

314 1985 452 2049 remota,
474 1975 754 2051 promptissimum
778 1993 814 2034 se
836 1976 874 2034 ad
898 1973 1072 2033 oboedien-

314 2072 390 2131 dum
414 2074 484 2132 Deo
508 2083 540 2132 et
561 2073 683 2132 vicario
707 2073 778 2132 cius
801 2073 979 2132 exhiberet.
1024 2071 1072 2130 ld·

279 2192 303 2231 15
313 2169 400 2229 circo
422 2188 521 2230 verus
544 2170 724 2230 oboediens
746 2188 877 2246 semper
898 2170 931 2228 in
953 2168 1071 2246 gaudio

313 2276 372 2342 est,
395 2278 426 2327 et
448 2285 597 2344 magnam
620 2267 771 2327 fiduciam
801 2268 834 2327 in
857 2270 927 2327 Deo
957 2269 1071 2342 habet3

312 2364 407 2423 cuius
429 2366 628 2425 voluntatem
645 2364 803 2441 perficere
819 2365 906 2423 omni
924 2375 1071 2440 tempore

312 2461 416 2536 cupit:
448 2480 466 2520 a
497 2479 561 2538 quo
590 2462 770 2538 praemium
801 2462 873 2521 sine
902 2461 967 2520 fine
990 2461 1071 2521 reci-

312 2577 390 2634 pere
413 2577 486 2619 cum
510 2560 624 2620 electis
655 2577 721 2619 non
744 2560 883 2633 dubitat,
912 2559 1011 2618 corde
1040 2569 1071 2618 et

275 2673 369 2722 eoore
385 2657 571 2718 decantans.
602 2658 752 2717 Paratum
769 2675 949 2717 cormeum
962 2659 1070 2718 Deus:

313 2765 457 2829 paratum
481 2772 538 2813 cor
559 2772 679 2815 meum.
716 2756 754 2815 Et
776 2756 904 2815 iterum.
935 2755 1070 2815 Paratus

312 2869 385 2910 sum
408 2861 440 2911 et
462 2869 526 2911 non
543 2853 706 2912 turbatus:
729 2863 763 2913 ut
778 2853 959 2913 custodiam
982 2870 1071 2912 man·

313 2949 385 3009 data
407 2959 470 3009 tua.

339 3110 395 3169 DE
418 3109 541 3170 VANA
565 3110 734 3172 GLORIA
758 3110 972 3173 CAVENDA
998 3109 1048 3170 ET

276 3223 303 3263 25
393 3206 519 3284 QVOD
543 3207 639 3269 SOLI
665 3209 754 3270 Ι)Εο
779 3207 888 3269 ans
912 3208 988 3268 EST

557 3306 828 3367 ExfflssENDn.

578 3427 718 3490 [senno]
737 3427 808 3475 vm.

312 3476 449 3695 §glo
470 3537 577 3594 luceat
598 3536 653 3593 lux
672 3540 777 3594 vestra
800 3551 907 3595 corum
931 3536 1068 3595 homiui-

393 3639 416 3694 Δ
439 3633 497 3692 bus
520 3639 556 3692 ut
543 3634 708 3692 tvideant
728 3649 824 3708 opera
846 3639 914 3692 vest
915 3650 950 3692 ra
901 3634 1069 3693 ibono:

275 3749 302 3788 ao
311 3730 540 3804 etglorificent
560 3731 702 3874 Patrem&
706 3735 774 3789 vest
775 3746 843 3789 rum
865 3730 922 3805 qui
944 3732 978 3790 in
1000 3747 1068 3791 cac-
