2692 4659
277 1509 280 1515 .
353 1467 444 1529 Incipit
457 1468 540 1530 pn'ma
554 1480 614 1529 pars
630 1480 772 1515 sermonum
790 1466 823 1514 ad
839 1466 956 1515 novicios.

324 1656 383 1716 DE
406 1654 676 1716 CONCORDIA
700 1652 909 1715 FRATRVM
933 1653 984 1715 ET

351 1751 557 1814 llll-:Lontn
579 1751 764 1813 otvthE
787 1751 955 1813 LAVDIS.

517 1927 637 1977 SERMO
655 1926 795 1976 PRIMVS.

296 2037 436 2408 E
460 2064 757 2139 Ccequombonum
772 2068 910 2139 utquam
921 2064 1054 2125 iacun-s

369 2175 377 2192 ·
477 2162 572 2221 dum:
587 2161 734 2221 habiture
743 2164 863 2239 fratres
877 2162 911 2221 in
923 2179 1031 2222 unum.

371 2200 457 2421 {fib}
479 2259 584 2320 David
616 2269 748 2320 sanctus
784 2270 816 2321 et
846 2276 925 2320 vere
960 2277 1031 2336 pro-

276 2044 408 2414 ὃς

479 2358 576 2433 pheta
597 2375 735 2435 magnus
755 2375 863 2419 coram
881 2359 1032 2434 Domino,

276 2458 421 2534 repletus
452 2455 575 2531 Spiritu
611 2465 741 2532 sancto,
776 2456 897 2517 multos
932 2456 1032 2517 edidit

275 2555 437 2631 psalmos;
468 2554 626 2629 quosdam
658 2571 716 2629 pro
749 2553 859 2614 auxilii
891 2555 1068 2630 postula-ro

276 2652 365 2712 tione
380 2651 413 2710 in
429 2649 653 2711 tribulatione:
672 2651 830 2727 quosdam
846 2669 904 2727 pro
918 2651 1033 2728 gratia·

277 2768 348 2809 rum
365 2748 492 2808 actione
508 2749 548 2809 de
564 2748 707 2809 hostium
730 2748 932 2810 liberatione.
968 2748 1033 2809 Sed

277 2864 349 2906 raro
372 2847 425 2905 vel
447 2863 608 2923 nusquam
632 2856 696 2907 tam
725 2848 843 2908 bonam
866 2858 898 2908 et
919 2848 1033 2907 iucun-

277 2943 349 3003 dam
381 2942 481 3003 edidit
513 2944 761 3020 symphoniam:
793 2945 877 3005 sicut
905 2944 938 3004 in
970 2946 1032 3005 hoc

277 3040 369 3100 brevi
392 3042 518 3102 cantico
539 3043 698 3119 graduum
714 3043 889 3104 declaravit
909 3043 1031 3104 dicens.
1044 3065 1069 3106 15

276 3140 357 3199 Ecce
378 3156 477 3214 quom
505 3140 623 3200 bonum
651 3145 685 3200 et
711 3157 809 3216 quum
838 3141 1033 3202 iucundum:

277 3237 424 3297 habiture
439 3239 559 3314 fratres
584 3237 618 3296 in
641 3254 750 3298 unum.
793 3238 920 3300 Omnes
945 3239 1032 3299 enim

276 3334 398 3394 bonum
428 3334 619 3394 naturaliter
642 3344 798 3411 appetunt
826 3346 858 3396 et
886 3335 1033 3397 iucundi·

276 3441 393 3492 tatem:
409 3432 531 3491 malum
547 3449 626 3491 vero
642 3441 673 3492 et
689 3431 852 3493 tristitiam
868 3433 1034 3511 refugiunt

276 3540 441 3606 tamquam
472 3529 615 3590 hominis
646 3530 881 3591 infelicitatem.
934 3532 1069 3609 Igiturzo

276 3628 315 3688 de
339 3627 484 3687 fraterna
507 3627 638 3688 caritate
661 3638 693 3689 et
710 3629 923 3690 unanimitate
944 3631 1032 3706 loqui

273 3726 432 3802 gestiens,
462 3724 569 3784 tacitis
594 3726 667 3786 aliis
689 3727 784 3787 bonis
806 3728 1033 3804 praesentibus

649 3831 661 3872 τ
