<?xml version="1.0" encoding="UTF-8"?>
<!DOCTYPE html PUBLIC "-//W3C//DTD XHTML 1.0 Transitional//EN"
    "http://www.w3.org/TR/xhtml1/DTD/xhtml1-transitional.dtd">
<html xmlns="http://www.w3.org/1999/xhtml" xml:lang="en" lang="en">
 <head>
  <title>
</title>
<meta http-equiv="Content-Type" content="text/html;charset=utf-8" />
  <meta name='ocr-system' content='tesseract 3.04.00' />
  <meta name='ocr-capabilities' content='ocr_page ocr_carea ocr_par ocr_line ocrx_word'/>
</head>
<body>
  <div class='ocr_page' id='page_1' title='image "./thomaehemerkena00pohlgoog_0220.png"; bbox 0 0 2692 4659; ppageno 0'>
   <div class='ocr_carea' id='block_1_1' title="bbox 356 684 1118 739">
    <p class='ocr_par' dir='ltr' id='par_1_1' title="bbox 356 684 1118 739">
     <span class='ocr_line' id='line_1_1' title="bbox 356 684 1118 739; baseline -0.003 -11"><span class='ocrx_word' id='word_1_1' title='bbox 356 684 517 736; x_wconf 54' lang='lat' dir='ltr'>ww</span> <span class='ocrx_word' id='word_1_2' title='bbox 545 684 707 728; x_wconf 81' lang='lat' dir='ltr'>SERMONES</span> <span class='ocrx_word' id='word_1_3' title='bbox 722 685 762 727; x_wconf 85' lang='grc' dir='ltr'>ΑΙ)</span> <span class='ocrx_word' id='word_1_4' title='bbox 780 685 928 728; x_wconf 90' lang='lat' dir='ltr'>NOVICIOS</span> <span class='ocrx_word' id='word_1_5' title='bbox 953 685 1118 739; x_wconf 53' lang='lat' dir='ltr'>[emm</span> 
     </span>
    </p>
   </div>
   <div class='ocr_carea' id='block_1_2' title="bbox 318 819 1117 3735">
    <p class='ocr_par' dir='ltr' id='par_1_2' title="bbox 318 819 1117 3735">
     <span class='ocr_line' id='line_1_2' title="bbox 358 819 1115 879; baseline 0 0"><span class='ocrx_word' id='word_1_6' title='bbox 358 819 495 879; x_wconf 84' lang='lat' dir='ltr'>offensis</span> <span class='ocrx_word' id='word_1_7' title='bbox 517 827 549 879; x_wconf 90' lang='lat' dir='ltr'>et</span> <span class='ocrx_word' id='word_1_8' title='bbox 571 819 689 879; x_wconf 94' lang='lat' dir='ltr'>debitis</span> <span class='ocrx_word' id='word_1_9' title='bbox 704 819 824 879; x_wconf 88' lang='lat' dir='ltr'>vestris</span> <span class='ocrx_word' id='word_1_10' title='bbox 839 820 975 879; x_wconf 92' lang='lat' dir='ltr'>verbum</span> <span class='ocrx_word' id='word_1_11' title='bbox 992 820 1115 879; x_wconf 90' lang='lat' dir='ltr'>bonum</span> 
     </span>
     <span class='ocr_line' id='line_1_3' title="bbox 359 916 1115 992; baseline 0 -15"><span class='ocrx_word' id='word_1_12' title='bbox 359 918 430 977; x_wconf 89' lang='lat' dir='ltr'>Deo</span> <span class='ocrx_word' id='word_1_13' title='bbox 458 917 552 977; x_wconf 89' lang='lat' dir='ltr'>valde</span> <span class='ocrx_word' id='word_1_14' title='bbox 580 926 724 992; x_wconf 90' lang='lat' dir='ltr'>gratum:</span> <span class='ocrx_word' id='word_1_15' title='bbox 753 926 785 976; x_wconf 92' lang='lat' dir='ltr'>et</span> <span class='ocrx_word' id='word_1_16' title='bbox 814 916 971 992; x_wconf 92' lang='lat' dir='ltr'>recipiant</span> <span class='ocrx_word' id='word_1_17' title='bbox 993 935 1053 977; x_wconf 89' lang='lat' dir='ltr'>vos</span> <span class='ocrx_word' id='word_1_18' title='bbox 1083 917 1115 977; x_wconf 96' lang='lat' dir='ltr'>in</span> 
     </span>
     <span class='ocr_line' id='line_1_4' title="bbox 357 1014 1115 1090; baseline 0.001 -15"><span class='ocrx_word' id='word_1_19' title='bbox 357 1023 490 1075; x_wconf 88' lang='lat' dir='ltr'>aeterna</span> <span class='ocrx_word' id='word_1_20' title='bbox 499 1014 708 1074; x_wconf 90' lang='lat' dir='ltr'>tabernacula</span> <span class='ocrx_word' id='word_1_21' title='bbox 718 1031 787 1089; x_wconf 92' lang='lat' dir='ltr'>sua,</span> <span class='ocrx_word' id='word_1_22' title='bbox 809 1024 882 1090; x_wconf 90' lang='lat' dir='ltr'>post</span> <span class='ocrx_word' id='word_1_23' title='bbox 893 1014 990 1075; x_wconf 92' lang='lat' dir='ltr'>huius</span> <span class='ocrx_word' id='word_1_24' title='bbox 1002 1016 1115 1076; x_wconf 90' lang='lat' dir='ltr'>mundi</span> 
     </span>
     <span class='ocr_line' id='line_1_5' title="bbox 357 1112 1115 1190; baseline 0.001 -17"><span class='ocrx_word' id='word_1_25' title='bbox 357 1114 502 1190; x_wconf 91' lang='lat' dir='ltr'>pericula</span> <span class='ocrx_word' id='word_1_26' title='bbox 537 1121 570 1173; x_wconf 91' lang='lat' dir='ltr'>et</span> <span class='ocrx_word' id='word_1_27' title='bbox 605 1112 767 1172; x_wconf 89' lang='lat' dir='ltr'>laboriosa</span> <span class='ocrx_word' id='word_1_28' title='bbox 802 1113 989 1173; x_wconf 90' lang='lat' dir='ltr'>certamina.</span> <span class='ocrx_word' id='word_1_29' title='bbox 1040 1114 1115 1174; x_wconf 93' lang='lat' dir='ltr'>Non</span> 
     </span>
     <span class='ocr_line' id='line_1_6' title="bbox 334 1210 1116 1287; baseline 0.005 -21"><span class='ocrx_word' id='word_1_30' title='bbox 334 1212 444 1272; x_wconf 79' lang='lat' dir='ltr'>senim</span> <span class='ocrx_word' id='word_1_31' title='bbox 468 1211 644 1271; x_wconf 90' lang='lat' dir='ltr'>invenietis</span> <span class='ocrx_word' id='word_1_32' title='bbox 667 1210 832 1270; x_wconf 86' lang='lat' dir='ltr'>fideliores</span> <span class='ocrx_word' id='word_1_33' title='bbox 861 1211 984 1270; x_wconf 89' lang='lat' dir='ltr'>amicos</span> <span class='ocrx_word' id='word_1_34' title='bbox 1006 1222 1038 1271; x_wconf 91' lang='lat' dir='ltr'>et</span> <span class='ocrx_word' id='word_1_35' title='bbox 1060 1229 1116 1287; x_wconf 89' lang='lat' dir='ltr'>po-</span> 
     </span>
     <span class='ocr_line' id='line_1_7' title="bbox 357 1308 1116 1385; baseline -0.001 -15"><span class='ocrx_word' id='word_1_36' title='bbox 357 1310 515 1370; x_wconf 91' lang='lat' dir='ltr'>tentiores</span> <span class='ocrx_word' id='word_1_37' title='bbox 537 1310 570 1369; x_wconf 91' lang='lat' dir='ltr'>in</span> <span class='ocrx_word' id='word_1_38' title='bbox 593 1309 684 1368; x_wconf 91' lang='lat' dir='ltr'>caelo</span> <span class='ocrx_word' id='word_1_39' title='bbox 706 1318 738 1368; x_wconf 92' lang='lat' dir='ltr'>et</span> <span class='ocrx_word' id='word_1_40' title='bbox 760 1308 793 1368; x_wconf 89' lang='lat' dir='ltr'>in</span> <span class='ocrx_word' id='word_1_41' title='bbox 816 1318 917 1369; x_wconf 91' lang='lat' dir='ltr'>terra:</span> <span class='ocrx_word' id='word_1_42' title='bbox 947 1326 1043 1385; x_wconf 89' lang='lat' dir='ltr'>quam</span> <span class='ocrx_word' id='word_1_43' title='bbox 1069 1310 1116 1369; x_wconf 91' lang='lat' dir='ltr'>le-</span> 
     </span>
     <span class='ocr_line' id='line_1_8' title="bbox 357 1406 1115 1483; baseline 0.001 -17"><span class='ocrx_word' id='word_1_44' title='bbox 357 1424 429 1467; x_wconf 93' lang='lat' dir='ltr'>sum</span> <span class='ocrx_word' id='word_1_45' title='bbox 453 1407 574 1483; x_wconf 87' lang='lat' dir='ltr'>Regem</span> <span class='ocrx_word' id='word_1_46' title='bbox 607 1406 796 1482; x_wconf 84' lang='lat' dir='ltr'><strong>angelorum</strong></span> <span class='ocrx_word' id='word_1_47' title='bbox 829 1416 861 1466; x_wconf 94' lang='lat' dir='ltr'>et</span> <span class='ocrx_word' id='word_1_48' title='bbox 892 1406 1030 1466; x_wconf 82' lang='lat' dir='ltr'>Mariam</span> <span class='ocrx_word' id='word_1_49' title='bbox 1060 1408 1115 1467; x_wconf 90' lang='lat' dir='ltr'>do·</span> 
     </span>
     <span class='ocr_line' id='line_1_9' title="bbox 357 1503 1115 1580; baseline 0.001 -16"><span class='ocrx_word' id='word_1_50' title='bbox 357 1505 477 1565; x_wconf 91' lang='lat' dir='ltr'>minam</span> <span class='ocrx_word' id='word_1_51' title='bbox 507 1512 651 1564; x_wconf 89' lang='lat' dir='ltr'>nostram</span> <span class='ocrx_word' id='word_1_52' title='bbox 682 1503 827 1580; x_wconf 86' lang='lat' dir='ltr'>reginam</span> <span class='ocrx_word' id='word_1_53' title='bbox 857 1505 1032 1564; x_wconf 89' lang='lat' dir='ltr'>caelorum.</span> <span class='ocrx_word' id='word_1_54' title='bbox 1081 1506 1115 1565; x_wconf 90' lang='lat' dir='ltr'>Si</span> 
     </span>
     <span class='ocr_line' id='line_1_10' title="bbox 356 1601 1114 1677; baseline 0.001 -15"><span class='ocrx_word' id='word_1_55' title='bbox 356 1612 518 1663; x_wconf 89' lang='lat' dir='ltr'>amatores</span> <span class='ocrx_word' id='word_1_56' title='bbox 549 1601 675 1663; x_wconf 90' lang='lat' dir='ltr'>Christi</span> <span class='ocrx_word' id='word_1_57' title='bbox 712 1602 809 1677; x_wconf 74' lang='lat' dir='ltr'>estiS,</span> <span class='ocrx_word' id='word_1_58' title='bbox 844 1602 947 1662; x_wconf 93' lang='lat' dir='ltr'>tollite</span> <span class='ocrx_word' id='word_1_59' title='bbox 982 1620 1114 1663; x_wconf 88' lang='lat' dir='ltr'>crucem</span> 
     </span>
     <span class='ocr_line' id='line_1_11' title="bbox 323 1698 1117 1776; baseline 0.004 -19"><span class='ocrx_word' id='word_1_60' title='bbox 323 1718 346 1757; x_wconf 86' lang='lat' dir='ltr'>ro</span> <span class='ocrx_word' id='word_1_61' title='bbox 357 1700 501 1775; x_wconf 86' lang='lat' dir='ltr'>Christi,</span> <span class='ocrx_word' id='word_1_62' title='bbox 532 1698 708 1776; x_wconf 88' lang='lat' dir='ltr'>sequimini</span> <span class='ocrx_word' id='word_1_63' title='bbox 731 1716 880 1775; x_wconf 90' lang='lat' dir='ltr'>crucem;</span> <span class='ocrx_word' id='word_1_64' title='bbox 911 1700 1005 1760; x_wconf 90' lang='lat' dir='ltr'>stetis</span> <span class='ocrx_word' id='word_1_65' title='bbox 1027 1700 1117 1760; x_wconf 84' lang='lat' dir='ltr'>iuxta</span> 
     </span>
     <span class='ocr_line' id='line_1_12' title="bbox 357 1796 1116 1873; baseline -0.001 -15"><span class='ocrx_word' id='word_1_66' title='bbox 357 1815 498 1873; x_wconf 89' lang='lat' dir='ltr'>crucem,</span> <span class='ocrx_word' id='word_1_67' title='bbox 517 1796 753 1873; x_wconf 76' lang='lat' dir='ltr'>amplectimini</span> <span class='ocrx_word' id='word_1_68' title='bbox 770 1814 912 1872; x_wconf 91' lang='lat' dir='ltr'>crucem,</span> <span class='ocrx_word' id='word_1_69' title='bbox 933 1815 999 1858; x_wconf 91' lang='lat' dir='ltr'>non</span> <span class='ocrx_word' id='word_1_70' title='bbox 1018 1798 1116 1858; x_wconf 90' lang='lat' dir='ltr'>relin-</span> 
     </span>
     <span class='ocr_line' id='line_1_13' title="bbox 356 1894 1114 1971; baseline 0.001 -17"><span class='ocrx_word' id='word_1_71' title='bbox 356 1895 463 1971; x_wconf 89' lang='lat' dir='ltr'>quatis</span> <span class='ocrx_word' id='word_1_72' title='bbox 485 1912 637 1955; x_wconf 91' lang='lat' dir='ltr'>crucem:</span> <span class='ocrx_word' id='word_1_73' title='bbox 660 1895 764 1955; x_wconf 89' lang='lat' dir='ltr'>donec</span> <span class='ocrx_word' id='word_1_74' title='bbox 779 1894 920 1955; x_wconf 91' lang='lat' dir='ltr'>veniatis</span> <span class='ocrx_word' id='word_1_75' title='bbox 942 1896 981 1956; x_wconf 95' lang='lat' dir='ltr'>ad</span> <span class='ocrx_word' id='word_1_76' title='bbox 1004 1897 1114 1956; x_wconf 91' lang='lat' dir='ltr'>lesum</span> 
     </span>
     <span class='ocr_line' id='line_1_14' title="bbox 357 1992 1115 2069; baseline -0.001 -15"><span class='ocrx_word' id='word_1_77' title='bbox 357 1992 528 2054; x_wconf 87' lang='lat' dir='ltr'>Christum</span> <span class='ocrx_word' id='word_1_78' title='bbox 551 2010 661 2052; x_wconf 88' lang='lat' dir='ltr'>veram</span> <span class='ocrx_word' id='word_1_79' title='bbox 686 1992 810 2066; x_wconf 84' lang='lat' dir='ltr'>lucem,</span> <span class='ocrx_word' id='word_1_80' title='bbox 839 1992 893 2068; x_wconf 90' lang='lat' dir='ltr'>qui</span> <span class='ocrx_word' id='word_1_81' title='bbox 917 1992 1004 2053; x_wconf 90' lang='lat' dir='ltr'>dicit.</span> <span class='ocrx_word' id='word_1_82' title='bbox 1047 1993 1115 2069; x_wconf 88' lang='lat' dir='ltr'>Ego</span> 
     </span>
     <span class='ocr_line' id='line_1_15' title="bbox 356 2090 1114 2168; baseline -0.001 -17"><span class='ocrx_word' id='word_1_83' title='bbox 356 2109 429 2151; x_wconf 92' lang='lat' dir='ltr'>sum</span> <span class='ocrx_word' id='word_1_84' title='bbox 453 2092 507 2151; x_wconf 87' lang='lat' dir='ltr'>lux</span> <span class='ocrx_word' id='word_1_85' title='bbox 529 2091 659 2151; x_wconf 85' lang='lat' dir='ltr'>mundi:</span> <span class='ocrx_word' id='word_1_86' title='bbox 689 2091 743 2168; x_wconf 92' lang='lat' dir='ltr'>qui</span> <span class='ocrx_word' id='word_1_87' title='bbox 771 2090 921 2167; x_wconf 89' lang='lat' dir='ltr'>sequitur</span> <span class='ocrx_word' id='word_1_88' title='bbox 949 2108 1018 2165; x_wconf 89' lang='lat' dir='ltr'>me,</span> <span class='ocrx_word' id='word_1_89' title='bbox 1047 2108 1114 2150; x_wconf 93' lang='lat' dir='ltr'>non</span> 
     </span>
     <span class='ocr_line' id='line_1_16' title="bbox 323 2188 1114 2249; baseline -0.001 -1"><span class='ocrx_word' id='word_1_90' title='bbox 323 2209 347 2249; x_wconf 83' lang='lat' dir='ltr'>rs</span> <span class='ocrx_word' id='word_1_91' title='bbox 356 2190 499 2248; x_wconf 89' lang='lat' dir='ltr'>ambulat</span> <span class='ocrx_word' id='word_1_92' title='bbox 514 2190 547 2249; x_wconf 93' lang='lat' dir='ltr'>in</span> <span class='ocrx_word' id='word_1_93' title='bbox 562 2188 718 2249; x_wconf 89' lang='lat' dir='ltr'>tenebris.</span> <span class='ocrx_word' id='word_1_94' title='bbox 747 2188 781 2247; x_wconf 90' lang='lat' dir='ltr'>Si</span> <span class='ocrx_word' id='word_1_95' title='bbox 798 2188 959 2248; x_wconf 89' lang='lat' dir='ltr'>consolari</span> <span class='ocrx_word' id='word_1_96' title='bbox 975 2188 1008 2247; x_wconf 93' lang='lat' dir='ltr'>in</span> <span class='ocrx_word' id='word_1_97' title='bbox 1024 2189 1114 2248; x_wconf 90' lang='lat' dir='ltr'>omni</span> 
     </span>
     <span class='ocr_line' id='line_1_17' title="bbox 356 2286 1116 2364; baseline -0.004 -16"><span class='ocrx_word' id='word_1_98' title='bbox 356 2288 565 2348; x_wconf 84' lang='lat' dir='ltr'>tribulatione</span> <span class='ocrx_word' id='word_1_99' title='bbox 596 2287 769 2364; x_wconf 83' lang='lat' dir='ltr'>quaeritis:</span> <span class='ocrx_word' id='word_1_100' title='bbox 801 2286 945 2347; x_wconf 88' lang='lat' dir='ltr'>accedite</span> <span class='ocrx_word' id='word_1_101' title='bbox 975 2286 1015 2346; x_wconf 90' lang='lat' dir='ltr'>ad</span> <span class='ocrx_word' id='word_1_102' title='bbox 1045 2286 1116 2346; x_wconf 69' lang='grc' dir='ltr'>Με-</span> 
     </span>
     <span class='ocr_line' id='line_1_18' title="bbox 357 2385 1116 2462; baseline 0.001 -17"><span class='ocrx_word' id='word_1_103' title='bbox 357 2386 436 2445; x_wconf 90' lang='lat' dir='ltr'>riam</span> <span class='ocrx_word' id='word_1_104' title='bbox 453 2396 588 2446; x_wconf 91' lang='lat' dir='ltr'>matrem</span> <span class='ocrx_word' id='word_1_105' title='bbox 607 2386 681 2445; x_wconf 89' lang='lat' dir='ltr'>lesu</span> <span class='ocrx_word' id='word_1_106' title='bbox 704 2385 793 2445; x_wconf 91' lang='lat' dir='ltr'>iuxta</span> <span class='ocrx_word' id='word_1_107' title='bbox 808 2402 939 2446; x_wconf 93' lang='lat' dir='ltr'>crucem</span> <span class='ocrx_word' id='word_1_108' title='bbox 963 2395 1116 2462; x_wconf 88' lang='lat' dir='ltr'>stantem,</span> 
     </span>
     <span class='ocr_line' id='line_1_19' title="bbox 357 2483 1117 2561; baseline 0.001 -18"><span class='ocrx_word' id='word_1_109' title='bbox 357 2483 488 2544; x_wconf 90' lang='lat' dir='ltr'>flentem</span> <span class='ocrx_word' id='word_1_110' title='bbox 505 2494 537 2544; x_wconf 94' lang='lat' dir='ltr'>et</span> <span class='ocrx_word' id='word_1_111' title='bbox 552 2484 734 2559; x_wconf 84' lang='lat' dir='ltr'>dolentem3</span> <span class='ocrx_word' id='word_1_112' title='bbox 757 2492 789 2544; x_wconf 94' lang='lat' dir='ltr'>et</span> <span class='ocrx_word' id='word_1_113' title='bbox 804 2485 913 2544; x_wconf 91' lang='lat' dir='ltr'>omnia</span> <span class='ocrx_word' id='word_1_114' title='bbox 927 2484 1117 2561; x_wconf 88' lang='lat' dir='ltr'>gravamina</span> 
     </span>
     <span class='ocr_line' id='line_1_20' title="bbox 357 2581 1116 2643; baseline 0.001 -2"><span class='ocrx_word' id='word_1_115' title='bbox 357 2591 465 2642; x_wconf 89' lang='lat' dir='ltr'>vestra</span> <span class='ocrx_word' id='word_1_116' title='bbox 480 2591 534 2641; x_wconf 91' lang='lat' dir='ltr'>aut</span> <span class='ocrx_word' id='word_1_117' title='bbox 550 2581 613 2640; x_wconf 91' lang='lat' dir='ltr'>cito</span> <span class='ocrx_word' id='word_1_118' title='bbox 629 2581 800 2641; x_wconf 90' lang='lat' dir='ltr'>recedent:</span> <span class='ocrx_word' id='word_1_119' title='bbox 823 2591 877 2642; x_wconf 92' lang='lat' dir='ltr'>aut</span> <span class='ocrx_word' id='word_1_120' title='bbox 892 2582 1015 2642; x_wconf 89' lang='lat' dir='ltr'>leviora</span> <span class='ocrx_word' id='word_1_121' title='bbox 1026 2582 1116 2643; x_wconf 86' lang='lat' dir='ltr'>fient.</span> 
     </span>
     <span class='ocr_line' id='line_1_21' title="bbox 319 2677 1116 2755; baseline 0.004 -19"><span class='ocrx_word' id='word_1_122' title='bbox 319 2696 346 2736; x_wconf 81' lang='lat' dir='ltr'>ao</span> <span class='ocrx_word' id='word_1_123' title='bbox 358 2679 472 2755; x_wconf 89' lang='lat' dir='ltr'>Eligite</span> <span class='ocrx_word' id='word_1_124' title='bbox 495 2680 578 2738; x_wconf 91' lang='lat' dir='ltr'>hanc</span> <span class='ocrx_word' id='word_1_125' title='bbox 593 2677 863 2754; x_wconf 90' lang='lat' dir='ltr'>benignissimam</span> <span class='ocrx_word' id='word_1_126' title='bbox 886 2688 1021 2739; x_wconf 89' lang='lat' dir='ltr'>matrem</span> <span class='ocrx_word' id='word_1_127' title='bbox 1040 2680 1116 2740; x_wconf 89' lang='lat' dir='ltr'>lesu</span> 
     </span>
     <span class='ocr_line' id='line_1_22' title="bbox 356 2776 1116 2853; baseline 0.003 -17"><span class='ocrx_word' id='word_1_128' title='bbox 356 2794 432 2853; x_wconf 89' lang='lat' dir='ltr'>prae</span> <span class='ocrx_word' id='word_1_129' title='bbox 455 2776 582 2836; x_wconf 92' lang='lat' dir='ltr'>cunctis</span> <span class='ocrx_word' id='word_1_130' title='bbox 604 2776 794 2853; x_wconf 89' lang='lat' dir='ltr'>parentibus</span> <span class='ocrx_word' id='word_1_131' title='bbox 816 2787 848 2837; x_wconf 91' lang='lat' dir='ltr'>et</span> <span class='ocrx_word' id='word_1_132' title='bbox 864 2778 978 2837; x_wconf 88' lang='lat' dir='ltr'>amicis</span> <span class='ocrx_word' id='word_1_133' title='bbox 994 2779 1116 2838; x_wconf 89' lang='lat' dir='ltr'>vestris</span> 
     </span>
     <span class='ocr_line' id='line_1_23' title="bbox 356 2874 1113 2949; baseline 0.001 -15"><span class='ocrx_word' id='word_1_134' title='bbox 356 2875 388 2934; x_wconf 94' lang='lat' dir='ltr'>in</span> <span class='ocrx_word' id='word_1_135' title='bbox 411 2884 547 2934; x_wconf 88' lang='lat' dir='ltr'>matrem</span> <span class='ocrx_word' id='word_1_136' title='bbox 570 2874 746 2949; x_wconf 88' lang='lat' dir='ltr'>specialem</span> <span class='ocrx_word' id='word_1_137' title='bbox 770 2884 802 2935; x_wconf 93' lang='lat' dir='ltr'>et</span> <span class='ocrx_word' id='word_1_138' title='bbox 826 2875 1013 2935; x_wconf 90' lang='lat' dir='ltr'>advocatam</span> <span class='ocrx_word' id='word_1_139' title='bbox 1036 2885 1113 2935; x_wconf 91' lang='lat' dir='ltr'>ante</span> 
     </span>
     <span class='ocr_line' id='line_1_24' title="bbox 356 2974 1116 3049; baseline 0.005 -18"><span class='ocrx_word' id='word_1_140' title='bbox 356 2981 512 3047; x_wconf 83' lang='lat' dir='ltr'>mortem3</span> <span class='ocrx_word' id='word_1_141' title='bbox 534 2982 565 3031; x_wconf 91' lang='lat' dir='ltr'>et</span> <span class='ocrx_word' id='word_1_142' title='bbox 588 2974 725 3033; x_wconf 90' lang='lat' dir='ltr'>salutate</span> <span class='ocrx_word' id='word_1_143' title='bbox 748 2991 818 3033; x_wconf 90' lang='lat' dir='ltr'>eam</span> <span class='ocrx_word' id='word_1_144' title='bbox 835 2974 981 3049; x_wconf 90' lang='lat' dir='ltr'>angelica</span> <span class='ocrx_word' id='word_1_145' title='bbox 996 2975 1116 3035; x_wconf 89' lang='lat' dir='ltr'>saluta-</span> 
     </span>
     <span class='ocr_line' id='line_1_25' title="bbox 356 3070 1115 3147; baseline 0.003 -17"><span class='ocrx_word' id='word_1_146' title='bbox 356 3070 443 3130; x_wconf 92' lang='lat' dir='ltr'>tione</span> <span class='ocrx_word' id='word_1_147' title='bbox 467 3070 672 3147; x_wconf 74' lang='lat' dir='ltr'>Frequenter:</span> <span class='ocrx_word' id='word_1_148' title='bbox 696 3071 772 3147; x_wconf 93' lang='lat' dir='ltr'>quia</span> <span class='ocrx_word' id='word_1_149' title='bbox 789 3072 872 3131; x_wconf 90' lang='lat' dir='ltr'>hanc</span> <span class='ocrx_word' id='word_1_150' title='bbox 887 3088 1002 3131; x_wconf 90' lang='lat' dir='ltr'>vocem</span> <span class='ocrx_word' id='word_1_151' title='bbox 1025 3073 1115 3133; x_wconf 89' lang='lat' dir='ltr'>audit</span> 
     </span>
     <span class='ocr_line' id='line_1_26' title="bbox 318 3168 1115 3245; baseline 0.004 -18"><span class='ocrx_word' id='word_1_152' title='bbox 318 3168 449 3228; x_wconf 81' lang='lat' dir='ltr'>25valde</span> <span class='ocrx_word' id='word_1_153' title='bbox 471 3168 618 3229; x_wconf 90' lang='lat' dir='ltr'>libenter.</span> <span class='ocrx_word' id='word_1_154' title='bbox 662 3168 696 3229; x_wconf 89' lang='lat' dir='ltr'>Si</span> <span class='ocrx_word' id='word_1_155' title='bbox 728 3169 889 3245; x_wconf 89' lang='lat' dir='ltr'>malignus</span> <span class='ocrx_word' id='word_1_156' title='bbox 920 3170 1024 3230; x_wconf 89' lang='lat' dir='ltr'>hostis</span> <span class='ocrx_word' id='word_1_157' title='bbox 1054 3189 1115 3230; x_wconf 91' lang='lat' dir='ltr'>vos</span> 
     </span>
     <span class='ocr_line' id='line_1_27' title="bbox 355 3267 1115 3342; baseline 0.004 -17"><span class='ocrx_word' id='word_1_158' title='bbox 355 3275 489 3342; x_wconf 92' lang='lat' dir='ltr'>temptat</span> <span class='ocrx_word' id='word_1_159' title='bbox 520 3276 552 3326; x_wconf 94' lang='lat' dir='ltr'>et</span> <span class='ocrx_word' id='word_1_160' title='bbox 583 3284 601 3326; x_wconf 90' lang='lat' dir='ltr'>a</span> <span class='ocrx_word' id='word_1_161' title='bbox 632 3267 727 3327; x_wconf 88' lang='lat' dir='ltr'>laude</span> <span class='ocrx_word' id='word_1_162' title='bbox 751 3267 811 3327; x_wconf 88' lang='lat' dir='ltr'>Dei</span> <span class='ocrx_word' id='word_1_163' title='bbox 844 3275 876 3326; x_wconf 93' lang='lat' dir='ltr'>et</span> <span class='ocrx_word' id='word_1_164' title='bbox 897 3267 1023 3327; x_wconf 82' lang='lat' dir='ltr'>Mariae</span> <span class='ocrx_word' id='word_1_165' title='bbox 1055 3268 1115 3328; x_wconf 95' lang='lat' dir='ltr'>im-</span> 
     </span>
     <span class='ocr_line' id='line_1_28' title="bbox 355 3364 1115 3440; baseline 0.004 -17"><span class='ocrx_word' id='word_1_166' title='bbox 355 3364 458 3440; x_wconf 93' lang='lat' dir='ltr'>pedit:</span> <span class='ocrx_word' id='word_1_167' title='bbox 488 3382 553 3424; x_wconf 89' lang='lat' dir='ltr'>non</span> <span class='ocrx_word' id='word_1_168' title='bbox 576 3364 698 3424; x_wconf 90' lang='lat' dir='ltr'>curetis</span> <span class='ocrx_word' id='word_1_169' title='bbox 720 3382 781 3425; x_wconf 92' lang='lat' dir='ltr'>nec</span> <span class='ocrx_word' id='word_1_170' title='bbox 805 3365 935 3425; x_wconf 91' lang='lat' dir='ltr'>laudare</span> <span class='ocrx_word' id='word_1_171' title='bbox 965 3374 997 3425; x_wconf 94' lang='lat' dir='ltr'>et</span> <span class='ocrx_word' id='word_1_172' title='bbox 1021 3383 1115 3426; x_wconf 90' lang='lat' dir='ltr'>orare</span> 
     </span>
     <span class='ocr_line' id='line_1_29' title="bbox 355 3462 1115 3538; baseline 0.003 -17"><span class='ocrx_word' id='word_1_173' title='bbox 355 3462 509 3538; x_wconf 89' lang='lat' dir='ltr'>cessetis;</span> <span class='ocrx_word' id='word_1_174' title='bbox 540 3462 598 3521; x_wconf 91' lang='lat' dir='ltr'>sed</span> <span class='ocrx_word' id='word_1_175' title='bbox 630 3479 669 3521; x_wconf 90' lang='lat' dir='ltr'>eo</span> <span class='ocrx_word' id='word_1_176' title='bbox 701 3462 868 3522; x_wconf 89' lang='lat' dir='ltr'>ardentius</span> <span class='ocrx_word' id='word_1_177' title='bbox 897 3462 1035 3522; x_wconf 82' lang='lat' dir='ltr'>Mariam</span> <span class='ocrx_word' id='word_1_178' title='bbox 1067 3464 1115 3524; x_wconf 94' lang='lat' dir='ltr'>in-</span> 
     </span>
     <span class='ocr_line' id='line_1_30' title="bbox 354 3560 1114 3639; baseline 0.003 -20"><span class='ocrx_word' id='word_1_179' title='bbox 354 3570 485 3635; x_wconf 89' lang='lat' dir='ltr'>vocate,</span> <span class='ocrx_word' id='word_1_180' title='bbox 514 3560 651 3619; x_wconf 81' lang='lat' dir='ltr'>Mariam</span> <span class='ocrx_word' id='word_1_181' title='bbox 675 3560 828 3620; x_wconf 90' lang='lat' dir='ltr'>salutate:</span> <span class='ocrx_word' id='word_1_182' title='bbox 858 3560 996 3620; x_wconf 83' lang='lat' dir='ltr'>Mariam</span> <span class='ocrx_word' id='word_1_183' title='bbox 1027 3562 1114 3639; x_wconf 91' lang='lat' dir='ltr'>cogi-</span> 
     </span>
     <span class='ocr_line' id='line_1_31' title="bbox 318 3657 1115 3735; baseline 0.003 -18"><span class='ocrx_word' id='word_1_184' title='bbox 318 3677 345 3717; x_wconf 79' lang='lat'>³0</span> <span class='ocrx_word' id='word_1_185' title='bbox 354 3666 428 3732; x_wconf 88' lang='lat' dir='ltr'>tate,</span> <span class='ocrx_word' id='word_1_186' title='bbox 440 3657 577 3718; x_wconf 83' lang='lat' dir='ltr'>Mariam</span> <span class='ocrx_word' id='word_1_187' title='bbox 594 3658 770 3718; x_wconf 81' lang='lat' dir='ltr'>nominate.</span> <span class='ocrx_word' id='word_1_188' title='bbox 795 3658 932 3718; x_wconf 84' lang='lat' dir='ltr'>Mariam</span> <span class='ocrx_word' id='word_1_189' title='bbox 945 3658 1115 3735; x_wconf 88' lang='lat' dir='ltr'>honorate,</span> 
     </span>
    </p>
   </div>
   <div class='ocr_carea' id='block_1_3' title="bbox 355 3755 1116 3903">
    <p class='ocr_par' dir='ltr' id='par_1_3' title="bbox 355 3755 1116 3903">
     <span class='ocr_line' id='line_1_32' title="bbox 355 3755 1116 3833; baseline 0.004 -18"><span class='ocrx_word' id='word_1_190' title='bbox 355 3755 492 3815; x_wconf 85' lang='lat' dir='ltr'>Mariam</span> <span class='ocrx_word' id='word_1_191' title='bbox 522 3773 653 3832; x_wconf 90' lang='lat' dir='ltr'>semper</span> <span class='ocrx_word' id='word_1_192' title='bbox 683 3757 878 3833; x_wconf 86' lang='lat' dir='ltr'>glorificate:</span> <span class='ocrx_word' id='word_1_193' title='bbox 908 3757 1034 3817; x_wconf 84' lang='lat' dir='ltr'>Mariae</span> <span class='ocrx_word' id='word_1_194' title='bbox 1067 3758 1116 3818; x_wconf 92' lang='lat' dir='ltr'>in·</span> 
     </span>
     <span class='ocr_line' id='line_1_33' title="bbox 713 3861 753 3903; baseline 0 0"><span class='ocrx_word' id='word_1_195' title='bbox 713 3861 753 3903; x_wconf 73' lang='lat'>204</span> 
     </span>
    </p>
   </div>
   <div class='ocr_carea' id='block_1_4' title="bbox 0 0 1355 4659">
    <p class='ocr_par' dir='ltr' id='par_1_4' title="bbox 0 0 1355 4659">
     <span class='ocr_line' id='line_1_34' title="bbox 0 0 1355 4659; baseline 0 0"><span class='ocrx_word' id='word_1_196' title='bbox 0 0 1355 4659; x_wconf 95' lang='lat' dir='ltr'> </span> 
     </span>
    </p>
   </div>
  </div>
 </body>
</html>
