2692 4659
363 694 525 747 &obtem
552 691 716 736 sermones
731 693 771 734 nn
789 690 937 735 uovrcros
963 693 1131 746 rem&

364 829 502 890 tacentis
533 839 565 889 ct
597 827 730 888 orantis.
782 826 871 887 Dixit
902 826 1032 903 quidam
1071 844 1128 887 ex·

364 936 487 1003 pertus.
530 926 700 1003 Quidquid
721 925 798 985 boni
828 926 964 985 tacendo
990 925 1127 1002 colligo:

365 1026 426 1084 hoc
450 1025 519 1084 iere
541 1033 643 1084 toturn
665 1022 828 1100 loquendo
845 1040 918 1082 cunr
935 1022 1128 1083 hominibus

364 1122 525 1197 dispergo.
569 1122 656 1198 Quia
676 1121 816 1181 Samson
838 1132 1002 1181 secretum
1025 1138 1126 1181 suum

342 1220 493 1280 smulieri
517 1220 651 1294 rettulit,
673 1228 705 1279 ct
726 1219 911 1294 parabolam
927 1218 1035 1278 mellis
1057 1236 1127 1278 non

364 1317 549 1378 abscondit:
578 1326 692 1392 postea
713 1318 752 1376 ab
775 1316 924 1376 hostibus
954 1326 1068 1392 captus
1094 1327 1127 1378 et

365 1417 500 1476 delusus
530 1416 599 1475 fuit.
643 1415 773 1474 Bonum
796 1424 847 1475 est
868 1432 945 1491 ergo
970 1414 1127 1491 religioso

364 1514 531 1573 silentium
563 1530 715 1573 servare:
747 1523 779 1573 et
810 1513 909 1573 verba
940 1529 1000 1571 sua
1031 1522 1127 1573 caute

365 1612 556 1687 ponderare.
609 1610 675 1687 Qui
712 1610 799 1670 enim
836 1610 1003 1670 silentium
1039 1610 1126 1670 bene

331 1719 488 1769 roservat:
519 1710 612 1784 quasi
638 1710 806 1769 sacculum
828 1708 968 1784 pecunia
989 1708 1124 1783 plenum

365 1823 476 1866 secum
500 1807 539 1866 ad
561 1808 694 1867 domum
717 1807 837 1867 mentis
859 1815 973 1882 portat.

521 1983 715 2031 EXEMPLVM
734 1982 779 2030 DE
797 1982 969 2031 SlLENTIO.

366 2044 530 2257 &vit
550 2101 582 2160 in
603 2101 749 2177 partibus
767 2101 993 2177 superioribus
1012 2117 1125 2160 mona-

496 2200 579 2257 chus
594 2198 725 2274 quidam
744 2198 980 2260 Cisterciensis
999 2198 1126 2258 ordinis

332 2295 526 2355 issollicitus
553 2304 665 2355 custos
687 2297 754 2356 oris
783 2296 850 2355 sui:
880 2305 911 2355 et
941 2295 1125 2355 claustralis

365 2393 556 2470 disciplinae
574 2395 714 2471 diligens
737 2395 937 2454 observator.
967 2394 1031 2453 Hic
1053 2394 1125 2453 zelo

365 2491 549 2552 devotionis
569 2510 747 2552 accensus:
767 2493 823 2552 vix
839 2493 970 2552 unicum
987 2493 1125 2551 verbum

365 2589 397 2647 in
432 2589 634 2649 hebdomada
670 2591 872 2666 loquebatur.
925 2590 989 2652 Cui
1026 2590 1126 2649 abbas

365 2704 463 2746 causa
492 2689 604 2747 solacii
635 2689 689 2749 ait.
733 2690 845 2749 Frater
870 2690 910 2748 do
940 2687 995 2747 tibi
1026 2687 1126 2746 licen-

328 2784 440 2843 aotiam
464 2787 659 2862 quandoque
683 2786 837 2862 loquendi
861 2803 935 2845 cum
961 2785 1126 2845 iratribus.

365 2880 431 2957 Qui
448 2883 626 2958 respondit.
665 2883 761 2943 Pater
781 2883 962 2943 reverende
985 2899 1050 2942 non
1072 2882 1126 2941 de·

364 2979 474 3039 sidero
510 2982 606 3040 talem
644 2981 809 3041 licentiam
845 2981 975 3039 habere.
1027 2979 1126 3056 Quod

365 3077 501 3136 audiens
516 3078 615 3137 abbas
630 3078 820 3138 aedificatus
837 3087 887 3138 est
909 3077 942 3136 in
965 3093 1126 3152 responso

366 3174 474 3234 fratris
496 3175 636 3236 libenter
657 3175 808 3235 tacentis,

329 3346 356 3386 25
495 3342 688 3390 EXEMPLVM
709 3342 753 3390 DE
771 3342 996 3392 SOLlTVDlNE.

364 3398 594 3628 Quidam
611 3461 711 3521 irater
725 3461 883 3537 regularis
897 3460 1022 3520 ordinis
1039 3460 1127 3521 foras

510 3560 653 3619 emissus
683 3560 811 3635 expleto
840 3559 972 3635 negotio
1003 3560 1043 3618 ad
1073 3559 1128 3618 do·

366 3674 456 3715 mum
480 3674 571 3716 suam
588 3656 741 3716 celeriter
755 3674 791 3715 ac
808 3656 1034 3717 desideranter
1056 3657 1128 3717 red·

366 3754 413 3813 ire
442 3754 580 3814 studuit:
609 3765 644 3813 ut
672 3756 742 3814 Deo
771 3753 907 3814 liberius
931 3753 965 3813 in
993 3754 1126 3814 silentio

733 3860 760 3900 os
