2692 4659
316 684 477 737 mm
495 682 562 726 VITA
578 683 742 727 LlDEWlGlS
757 683 896 727 VIRGlNlS
913 685 1071 738 ww

318 818 411 878 nicae
433 817 621 893 nativitatis,
644 818 746 878 ubera
767 817 839 878 eius
861 820 945 879 lacte
970 819 1072 879 forent

317 915 488 990 replenda:
517 925 550 975 et
570 915 657 992 quod
687 914 758 991 ipsa
780 915 959 976 Catharina
988 916 1068 977 idem

317 1015 366 1074 lac
382 1023 471 1074 esset
493 1023 671 1088 sumptura.
704 1012 791 1075 Cum
808 1031 884 1090 ergo
907 1013 997 1074 istud
1012 1014 1069 1073 vir·

316 1110 381 1187 gini
409 1110 507 1170 vidua
535 1112 680 1188 praelata
708 1111 905 1172 rettulisset:
934 1110 1007 1186 ipsa
1033 1128 1067 1169 ex

293 1208 499 1269 shumilitate
510 1210 749 1286 quodammodo
765 1208 837 1268 eius
852 1208 938 1269 dicta
954 1225 1067 1285 negare

316 1306 488 1367 nitebatur.
520 1307 599 1367 Mox
609 1306 709 1367 vidua
723 1306 882 1383 virginem
899 1306 1066 1383 corripuit:

317 1403 392 1481 quia
413 1421 533 1481 negare
555 1406 694 1465 audebat
709 1405 795 1481 quod
817 1404 878 1464 sibi
903 1405 942 1464 ab
958 1403 1065 1481 angelo

316 1501 495 1563 revelatum
533 1504 647 1564 luerat.
690 1501 781 1563 Tunc
812 1504 931 1564 viduae
963 1502 1064 1564 verbis

315 1600 406 1677 virgo
437 1611 552 1662 artata:
581 1601 677 1662 iussit
708 1611 743 1661 ut
768 1602 807 1661 ad
830 1602 914 1662 hanc
936 1601 1063 1679 gratiam

281 1698 559 1774 ropercipiendam
583 1716 619 1759 se
642 1698 840 1774 disponeret.
877 1698 965 1761 Cum
996 1714 1063 1775 ergo

314 1796 353 1855 ad
388 1796 451 1856 ista
486 1814 545 1872 per
574 1795 829 1856 admonitionem
861 1796 1001 1873 virginis
1033 1812 1062 1855 se

314 1894 431 1953 devote
461 1902 684 1969 praepararet:
713 1910 778 1952 non
808 1903 857 1954 est
887 1894 1064 1955 fraudataa

314 1991 477 2052 desiderio
509 1990 570 2051 sibi
603 1990 739 2051 caelitus
770 1991 944 2067 promisso.
988 1993 1062 2052 Nam

314 2106 391 2149 ecce
426 2089 460 2148 in
497 2088 567 2164 ipsa
602 2087 843 2149 sacratissimae
876 2090 1062 2151 Dominicae

279 2186 489 2247 rsnativitatis
511 2196 617 2261 nocte,
639 2186 730 2263 virgo
754 2186 927 2263 Lidewigis
950 2187 984 2248 in
1006 2186 1062 2263 spi·

313 2284 376 2344 ritu
399 2293 505 2360 rapta,
527 2283 608 2344 vidit
630 2283 901 2343 innumerabilem
925 2285 1062 2347 multitu·
1097 2331 1099 2338 .

313 2382 422 2441 dinem
439 2381 619 2457 virginum:
642 2381 761 2457 quibus
777 2390 941 2458 tamquam
959 2383 1062 2461 regina

312 2490 344 2540 et
374 2479 505 2539 domina
540 2479 685 2538 omnium
722 2479 822 2540 astitit
857 2489 889 2540 et
919 2480 1061 2556 praefuit,

312 2577 520 2637 sanctissima
556 2585 659 2636 mater
691 2577 752 2637 Dei
789 2587 947 2653 perpetua
978 2579 1060 2653 virgo

275 2675 434 2750 2olllaria3
456 2674 541 2734 inter
556 2691 636 2750 quas
657 2674 754 2734 etiam
771 2692 807 2734 se
824 2675 904 2735 vidit
919 2676 952 2735 in
970 2678 1060 2736 choro

311 2773 473 2850 virginum
505 2772 698 2832 admissam:
728 2773 766 2832 ad
797 2773 922 2834 Christi
955 2772 1059 2834 nativi·

311 2880 409 2931 tatem
425 2888 499 2930 cum
522 2870 643 2931 laetitia
665 2872 903 2931 celebrandam.
934 2871 1060 2932 Astabat

312 2968 408 3028 etiam
424 2968 476 3027 his
486 2968 677 3046 virginibus,
693 2970 864 3030 multitudo
880 2980 1058 3031 sanctorum

311 3067 511 3143 angelorum,
533 3066 633 3126 veluti
657 3066 852 3127 nobilissimi
876 3068 1014 3129 clientes
1033 3074 1059 3124 et

275 3184 301 3225 25
311 3164 457 3224 sodales:
469 3164 622 3223 devotum
636 3164 830 3241 obsequium
844 3166 991 3241 cognatis
1006 3161 1057 3225 sibi

311 3261 493 3339 virginibus
515 3261 548 3320 in
571 3261 784 3321 castimoniae
806 3262 928 3323 virtute
951 3264 1058 3325 floren·

312 3359 398 3419 tibus
434 3359 636 3420 exhibentes.
681 3362 824 3422 Instante
860 3361 960 3439 igitur
990 3364 1059 3422 hora

313 3457 504 3518 Dominicae
527 3458 704 3519 nativitatis
720 3476 783 3536 qua
793 3459 884 3536 virgo
908 3472 1058 3536 puerpera

312 3555 483 3616 Christum
524 3556 666 3632 peperit:
702 3556 773 3616 visa
808 3566 885 3617 sunt
920 3558 1056 3618 omnium

274 3653 439 3714 aoillarum
462 3653 625 3730 virginum
655 3663 687 3714 et
709 3654 861 3714 similiter
882 3655 982 3715 huius
1003 3652 1056 3713 vir·

310 3750 396 3827 ginis
425 3753 525 3812 ubera
546 3770 623 3828 prae
645 3752 842 3814 abundantia
868 3754 962 3815 lactis
984 3753 1056 3813 intu·
1096 3707 1099 3874 4

667 3855 708 3898 ars
1097 3897 1099 3902 ,
