2692 4659
365 673 526 725 &tium
554 672 717 716 sannonrs
732 674 771 715 ln
788 673 938 716 novrcros
963 674 1128 727 mansam
1164 675 1165 684 ¹

366 793 564 881 vit,‘omavit
580 816 611 867 et
626 806 831 868 illuminavit.
855 808 963 884 Quem
974 808 1017 867 ob
1030 807 1126 868 meri-

366 915 472 965 torum
489 922 623 965 suorum
635 906 823 982 dignitatem
835 907 966 966 laudare
982 915 1124 981 oportet:

366 1011 398 1062 et
420 1003 507 1063 filiali
531 1020 642 1063 amore
664 1019 796 1079 semper
816 1004 978 1064 honorare
1002 1014 1035 1064 et
1050 1022 1124 1081 sup-

366 1100 701 1177 pliciterexorare3ut
712 1112 800 1162 recto
812 1101 929 1162 itinere
941 1119 1018 1162 eum
1030 1103 1123 1179 sequi

342 1199 533 1258 svaleamus
550 1200 589 1258 ad
604 1198 775 1260 Christum
795 1208 984 1274 regnantem
1003 1199 1037 1259 in
1054 1216 1123 1259 cae·

366 1297 422 1357 lis:
443 1315 540 1375 quem
563 1308 626 1358 tam
649 1297 802 1357 ardenter
820 1296 939 1357 amavit
961 1306 994 1357 et
1016 1297 1122 1357 lauda-

365 1394 412 1455 vit
440 1395 473 1454 in
496 1396 629 1472 hymnis
659 1404 691 1455 et
713 1396 848 1471 psalmis
870 1395 947 1454 dum
978 1405 1069 1455 esset
1090 1395 1121 1454 in

366 1492 472 1552 terris.

406 1590 531 1666 Quarto
554 1590 686 1650 domum
710 1591 771 1650 Dei
800 1590 947 1666 proiecto
976 1600 1071 1650 ornat
1091 1601 1120 1651 et

332 1686 527 1746 reilluminat
556 1687 712 1764 frequens
734 1687 876 1748 visitatio
899 1688 1061 1749 ecclesiae
1082 1690 1118 1749 ad

365 1784 563 1844 audiendum
579 1785 716 1845 verbum
733 1784 811 1845 Dei:
834 1794 866 1844 et
881 1784 919 1843 ad
936 1786 1118 1846 custodien·
1164 1833 1165 1838 1

365 1884 438 1943 dam
455 1883 560 1959 legem
577 1882 662 1942 vitae
685 1891 717 1942 et
733 1882 925 1959 disciplinae
941 1887 1118 1960 perducen-

365 1988 429 2039 tem
453 1981 491 2039 ad
514 1980 648 2056 patriam
677 1980 831 2040 claritatis
853 1991 885 2041 et
907 1981 997 2057 pacis
1020 1993 1117 2042 aeter·

365 2095 436 2138 nae.
468 2078 534 2155 Qui
558 2078 645 2138 enim
668 2079 707 2137 ad
724 2078 875 2139 caelestis
897 2080 989 2156 regni
1005 2080 1117 2157 gaudia

331 2187 438 2254 rspost
474 2187 612 2237 mortem
648 2177 823 2253 pervenire
859 2178 1001 2239 feliciter
1036 2179 1117 2240 desi·
1163 2163 1165 2202 ⁸

364 2275 494 2351 derant3
523 2276 618 2362 modo
641 2276 717 2335 dum
747 2276 817 2335 sani
844 2286 973 2337 suntet
996 2277 1118 2352 vivunt,

364 2374 483 2433 debent
512 2374 644 2434 domum
673 2374 734 2433 Dei
767 2376 955 2451 frequenter
976 2375 1120 2450 visitare,

364 2481 396 2531 et
418 2472 694 2547 praedicationem
724 2473 864 2532 libenter
885 2473 1014 2533 audire:
1045 2491 1120 2534 con-

365 2569 528 2629 fessiones
544 2587 642 2645 saepe
659 2570 778 2646 lacere,
793 2570 1013 2647 indulgentias
1024 2587 1126 2648 quae-

327 2684 354 2724 20
364 2684 447 2742 rere,
470 2677 501 2727 et
516 2667 700 2743 impetrare.
732 2666 874 2744 Tempus
890 2668 989 2728 breve
1006 2679 1073 2729 est:
1090 2680 1126 2729 et

364 2764 488 2825 incerta
510 2766 623 2826 mortis
639 2767 728 2826 hora.
759 2767 824 2843 Qui
848 2784 924 2842 ergo
941 2767 1038 2827 modo
1054 2786 1126 2828 non

363 2864 506 2939 paenitet
534 2882 595 2924 nec
617 2882 653 2924 se
677 2865 845 2940 emendat3
873 2875 946 2940 post
974 2866 1119 2927 clausam

364 2962 493 3021 ianuam
518 2962 598 3022 foris
613 2962 710 3022 stabit
726 2972 758 3022 et
773 2962 1032 3023 misericordiam
1056 2982 1142 3025 nom

363 3059 562 3136 impetrabit:
593 3059 743 3120 clamabit
771 3059 904 3135 dolens,
932 3077 994 3120 nec
1024 3078 1141 3122 enaur

326 3176 353 3216 25
362 3157 469 3217 dietur
490 3158 632 3233 plorans.
664 3158 786 3217 Beatus
801 3158 942 3233 populus
964 3169 997 3218 et
1012 3159 1135 3220 lauda-

362 3254 436 3314 bilis
452 3254 566 3314 nimis:
588 3255 642 3331 qui
659 3255 782 3315 relictis
798 3255 891 3315 vanis
913 3259 1165 3333 spectaculis,

362 3362 513 3429 properat
534 3354 729 3430 tempestive
752 3354 790 3413 ad
806 3354 938 3414 domum
962 3355 1136 3417 orationis

362 3459 393 3510 et
404 3450 678 3526 praedicationem
690 3450 791 3510 divini
803 3452 983 3512 sermonis:
999 3454 1130 3530 gratias

361 3565 461 3624 agens
485 3548 555 3608 Deo
577 3549 618 3608 de
639 3549 809 3609 beneficiis
832 3551 991 3626 acceptis:
1021 3562 1120 3630 atque

325 3663 422 3721 aopro
455 3647 574 3707 futuris
610 3648 751 3724 amplius
786 3666 894 3708 orans.
939 3649 1124 3712 Pulchrum

362 3745 602 3821 spectaculum:
619 3746 731 3805 videre
753 3747 910 3823 templum
933 3747 994 3807 Dei
1019 3748 1135 3809 fideli-

718 3851 759 3893 284
