2692 4659
231 664 550 718 ffiffifflffi
577 663 638 704 xllll
664 662 987 714 ww&

231 816 323 858 causa
346 797 523 857 cuiuslibet
545 795 761 856 discursantis
790 795 830 854 de
853 797 924 855 loco
947 794 985 853 ad

231 898 352 956 locum:
374 895 452 971 quid
475 911 550 954 eum
574 893 714 970 amplius
737 892 877 969 agitavit.
912 893 985 951 Non

231 994 314 1053 eninr
338 993 394 1053 diu
411 994 510 1052 latere
527 1003 633 1068 potest
650 992 723 1051 licta
738 991 903 1065 sanctitas,
925 1007 986 1049 nec

232 1092 326 1151 animi
343 1091 476 1151 levitas:
492 1107 553 1150 nec
568 1090 650 1148 alios
665 1088 814 1148 aedificat
830 1088 985 1164 evagandi

233 1192 371 1250 libertas.
402 1190 485 1248 Nam
508 1204 605 1247 verae
622 1185 807 1246 devotionis
825 1186 1010 1246 nutriciuss

234 1287 454 1348 estsolitarius
465 1296 496 1345 et
506 1285 681 1361 religiosus
692 1284 850 1345 inclusus
867 1284 987 1345 Audite

235 1388 399 1447 cuiusdam
422 1383 530 1445 devoti
554 1382 645 1443 senis
668 1383 863 1459 parabolam.
900 1381 986 1442 Cum

236 1485 348 1561 aliquis
370 1500 436 1542 uno
459 1483 541 1559 pede
564 1482 701 1541 claudus
723 1490 777 1541 aut
793 1480 988 1540 monoculus

238 1583 412 1659 egreditur:
435 1598 508 1640 raro
530 1590 669 1656 utroque
688 1596 789 1638 sanus
805 1577 987 1637 revertitur.

240 1681 356 1756 Vulpes
386 1679 500 1739 exiens
531 1678 676 1737 foveam:
707 1675 814 1736 nescit
845 1674 899 1734 diu
931 1692 1024 1750 perro

241 1788 352 1837 rectam
375 1776 529 1835 incedere
553 1774 649 1834 viam.
693 1774 747 1834 Sic
769 1776 867 1834 homo
889 1790 988 1849 vagae

192 1895 198 1966 ὲ
244 1875 351 1935 mentis
374 1884 407 1933 et
429 1873 563 1932 dolosus
585 1871 700 1947 nequit
722 1871 776 1930 diu
799 1888 835 1930 se
852 1871 989 1947 lingere3

193 1971 195 1976 '
245 1974 291 2031 sed
312 1990 348 2031 se
370 1971 479 2047 ipsum
501 1969 607 2045 prodit
622 1969 719 2029 etiam
741 1968 864 2029 invitus
879 1986 987 2029 coram

248 2071 344 2130 multis
355 2068 488 2145 ignotis:
504 2077 558 2127 aut
569 2066 679 2127 verbis
690 2076 743 2127 aut
755 2067 848 2127 lactis
859 2067 988 2143 apertis.

250 2165 339 2244 Saepe
375 2166 473 2226 etiam
506 2165 673 2224 iracundia
704 2175 812 2225 motus
847 2164 1026 2225 ostenditis

250 2261 455 2341 impatientiae
487 2280 566 2323 suae
597 2263 750 2339 aculeos3
785 2281 858 2323 cunr
892 2264 989 2324 luerit

252 2377 295 2434 pro
315 2364 408 2439 culpa
437 2379 497 2421 sua
525 2372 711 2437 correptus:
740 2372 794 2421 aut
822 2362 988 2421 silentium

252 2474 365 2521 servare
388 2469 531 2520 coactus.
561 2459 731 2535 Superbus
747 2461 844 2519 homo
867 2459 990 2535 passio-

252 2569 330 2619 natus
350 2558 567 2631 intrinsecus,
596 2557 634 2616 ad
656 2558 757 2616 breve
786 2574 894 2617 coram
917 2557 990 2616 aliis

252 2659 428 2734 quandoque
451 2673 488 2715 se
510 2654 710 2731 comprimit:
735 2672 776 2715 ne
799 2655 1026 2731 reprobeturau

252 2763 276 2811 et
297 2756 430 2815 vilescat
458 2752 673 2812 extrinsecus.
720 2753 882 2812 Processu
912 2770 990 2813 vero

252 2852 392 2928 temporis
408 2850 542 2911 liberior
558 2850 676 2909 lactus:
691 2851 731 2909 ad
746 2850 841 2910 solita
857 2851 990 2910 reverti·

252 2955 292 3006 tur
311 2948 562 3009 inverecundus
605 2948 726 3023 Sicque
750 2948 870 3023 patebit
893 2948 990 3024 pluri-

252 3041 315 3122 bus,
345 3047 421 3124 quia
451 3063 516 3105 non
549 3063 626 3106 vere
659 3047 720 3106 fuit
750 3046 900 3105 humilis:
932 3046 990 3105 sed

252 3144 338 3204 voluit
359 3143 463 3204 videri
479 3144 586 3202 bonus
608 3154 640 3203 et
662 3144 778 3204 iustus,
809 3143 835 3203 T
837 3143 1027 3219 emptatiozs

251 3236 353 3301 diaboli
376 3259 443 3301 non
468 3240 625 3317 permittit
650 3242 820 3318 fugitivum
844 3242 898 3301 diu
921 3242 991 3300 abs-

251 3340 330 3398 condi
359 3356 420 3399 nec
449 3339 559 3415 quiete
590 3356 702 3415 agere:
734 3340 792 3400 sed
822 3357 880 3416 per
907 3356 992 3399 nova

250 3444 274 3493 et
292 3437 455 3513 inopinata
483 3438 650 3497 obstacula
671 3455 815 3514 pungere
845 3438 992 3512 inchoat3

249 3536 403 3612 multoque
426 3535 571 3596 deterius
593 3552 712 3595 vexare
736 3545 768 3595 et
790 3534 991 3594 confundere

190 3685 195 3700 ,
249 3628 384 3693 timidum
408 3633 547 3693 laborat:
570 3632 646 3709 quia
661 3632 809 3693 nidulum
832 3648 928 3690 suum
944 3631 1028 3692 in·so

190 3715 195 3810 i
248 3727 394 3805 sipienter
415 3730 557 3807 reliquit.
600 3730 696 3790 Onus
718 3729 838 3805 quippe
867 3728 992 3788 ordinis

190 3839 191 3848 ¹
597 3834 636 3875 ros
