2692 4659
359 669 521 722 <yffi-gx>
549 669 712 712 sennoues
727 670 767 711 an
784 669 933 713 uovlc1os
958 672 1123 725 [affixo

361 802 554 862 hortationis
585 804 624 863 ad
655 804 933 879 perseverantiam
969 824 1029 866 vos
1066 807 1121 866 ad-

361 917 500 959 monens
528 900 562 960 in
584 909 669 961 statu
692 901 877 978 religionis:
907 920 990 979 quae
1018 904 1121 964 maxi·

361 1014 446 1057 mam
478 1000 776 1070 remunerationem
810 1001 907 1061 habet
942 1001 976 1061 in
1007 1002 1120 1063 caelis

363 1096 555 1171 Proponatis
586 1097 723 1158 firmiter
750 1099 784 1158 in
815 1100 968 1159 cordibus
999 1100 1121 1160 vestris

337 1194 447 1270 equod
468 1194 578 1254 velitis
600 1195 633 1255 in
656 1197 728 1256 loco
751 1206 783 1257 et
798 1197 912 1257 ordine
935 1198 997 1258 isto
1020 1215 1119 1275 quem

360 1303 476 1368 sponte
507 1292 653 1369 elegistis
684 1312 878 1370 permanere
914 1306 1119 1356 constantes:

360 1401 392 1451 et
420 1408 495 1450 cum
527 1391 680 1451 omnibus
709 1392 742 1451 in
772 1394 832 1451 hac
862 1393 958 1453 domo
987 1403 1120 1470 propter

361 1487 532 1549 Christum
562 1489 616 1548 diu
639 1499 713 1550 ante
735 1498 882 1566 tempora
910 1500 1021 1550 vestra
1043 1508 1119 1549 con-

359 1586 500 1662 gregatis
530 1587 615 1646 bona
645 1596 678 1647 et
708 1589 793 1648 mala
823 1588 997 1649 sustinere.
1051 1588 1117 1664 Qui

326 1685 448 1746 rodedit
475 1685 559 1744 bene
589 1684 751 1760 incipere:
781 1686 867 1746 dabit
894 1703 954 1770 per
981 1687 1117 1762 gratiam

360 1800 451 1842 suam
481 1782 600 1842 melius
631 1800 871 1843 consummare.
922 1784 997 1843 Non
1028 1784 1115 1843 enim

359 1880 479 1941 vestris
494 1880 620 1940 meritis
635 1881 674 1940 ad
690 1881 778 1940 hunc
797 1890 995 1941 conventum
1011 1882 1118 1942 vocati

360 1978 456 2038 estis:
485 1976 543 2038 sed
565 1978 697 2037 coronis
722 1996 835 2038 eorum
859 1978 1035 2054 participes
1057 1996 1118 2038 vos

361 2075 430 2136 fieri
463 2075 612 2135 credatis,
664 2076 792 2135 Horum
826 2075 1029 2137 orationibus
1064 2074 1118 2133 ad-

326 2191 351 2231 15
360 2173 463 2233 iuvari
486 2183 519 2234 et
539 2174 710 2234 beneficiis
735 2174 910 2235 sustentari
932 2173 1118 2250 gaudeatis:

360 2281 392 2332 et
413 2272 532 2348 gratias
547 2273 618 2331 Deo
640 2289 773 2348 semper
794 2271 905 2348 agatis.
935 2271 1009 2330 Non
1028 2269 1116 2330 enim

360 2368 399 2428 ad
422 2369 586 2430 otiandum
610 2379 641 2430 et
661 2370 858 2445 epulandum
881 2368 1035 2429 venistis:
1058 2366 1118 2426 sed

360 2475 395 2526 ut
417 2466 488 2525 Deo
511 2465 650 2526 fideliter
671 2476 703 2526 et
728 2466 844 2525 devote
874 2464 1036 2526 serviatis.
1079 2463 1119 2522 Et

360 2573 448 2623 tanto
466 2564 675 2624 sollicitiores
690 2572 722 2623 et
736 2562 955 2639 promptiores
971 2578 1047 2621 esse
1062 2561 1118 2620 de·

323 2661 444 2722 aobetis
466 2661 505 2721 ad
526 2677 657 2721 omnem
674 2659 915 2720 observantiam
938 2658 1063 2719 ordinis
1086 2670 1118 2718 et

360 2775 552 2819 communes
583 2758 729 2832 labores;
765 2767 885 2833 quanto
918 2756 1011 2832 plura
1042 2772 1119 2815 con·

359 2857 525 2916 venientia
546 2856 580 2915 in
602 2856 737 2915 aedibus
759 2865 791 2915 et
814 2855 915 2929 libris
937 2854 970 2913 in
987 2853 1119 2913 cibariis

360 2963 392 3014 et
406 2954 553 3013 vestibus
569 2954 632 3013 iam
648 2953 790 3013 habetis:
806 2969 889 3029 quae
901 2951 993 3011 multi
1009 2951 1119 3011 senio·

361 3069 414 3111 res
425 3062 498 3112 ante
507 3069 566 3111 vos
577 3069 642 3111 non
654 3052 847 3111 habuerunt.
864 3051 933 3110 Vos
943 3048 977 3108 in
988 3050 1119 3108 labores

324 3166 474 3211 aseorum
496 3148 655 3209 introistis
670 3148 745 3208 ideo
759 3148 840 3224 grati
864 3147 936 3207 sitis
959 3147 999 3206 de
1021 3146 1119 3205 bonis

360 3247 511 3324 acceptis.
542 3246 632 3306 Haec
654 3246 845 3322 temporalia
868 3246 971 3305 aDeo
992 3255 1118 3319 parata:

360 3345 452 3421 quasi
476 3344 632 3403 encaenia
661 3345 819 3421 quaedam
849 3343 888 3403 ad
913 3351 1118 3402 sustentacu-

361 3443 427 3501 lum
450 3441 596 3517 corporis
618 3441 712 3501 vobis
737 3441 962 3501 conferuntur.
999 3439 1034 3499 Si
1058 3439 1119 3499 uti-

361 3539 439 3599 mini
463 3540 534 3599 istis
556 3539 665 3600 sobrie
688 3557 762 3599 cum
790 3538 966 3616 gratiarum
988 3537 1118 3597 actione

324 3648 393 3698 aoet
427 3638 666 3712 benivolentia;
699 3646 776 3697 tunc
812 3636 994 3696 adicientur
1024 3634 1118 3694 vobis

361 3735 465 3794 adhuc
480 3734 637 3810 ampliora
651 3735 736 3794 bona
753 3735 785 3793 in
803 3734 918 3794 caelis:
942 3749 1026 3810 quae
1049 3749 1117 3791 cer·

721 3840 759 3881 roo
