2692 4659
270 661 599 715 mmmm*
629 662 687 705 XXX
714 663 1034 717 ἵώἱῦῶῖκῦὶῡωῖὣὶὓ

273 795 446 871 optinebit.
479 796 553 872 lpse
575 796 662 857 euim
685 796 729 857 ait
750 798 789 858 ad
812 798 948 859 dilectos
971 796 1034 857 dis·

274 894 405 969 cipulos
427 910 523 954 suos:
553 893 587 953 in
610 895 732 954 mundo
754 896 933 955 exulantes.
965 895 1035 954 lna-

274 1001 352 1051 nete
381 991 416 1051 in
445 991 619 1051 dilectione
648 1009 731 1052 mea.
767 991 833 1070 Qui
864 1003 972 1052 manet
1001 991 1034 1051 in

274 1105 331 1148 me
353 1098 385 1149 et
406 1105 467 1165 ego
490 1088 523 1148 in
545 1106 600 1149 eo:
628 1090 681 1149 hic
705 1090 767 1150 fert
790 1090 930 1151 fructum
953 1090 1034 1149 mul·

274 1197 357 1247 tum.
390 1186 423 1247 Si
447 1186 546 1246 vultis
570 1187 655 1247 ferre
679 1188 819 1248 iructum
843 1187 979 1248 multum
1003 1197 1057 1246 ets

275 1302 398 1361 augere
414 1284 565 1345 meritum
582 1285 729 1345 laborum
741 1295 942 1361 vestrorum3
958 1295 1034 1344 tunc

275 1384 361 1444 eatis
392 1400 451 1459 per
479 1392 579 1443 artam
602 1383 688 1443 viam
720 1382 934 1460 relinquendo
964 1399 1035 1458 pro·

276 1482 381 1558 priam
405 1482 605 1542 voluntatem
621 1492 764 1542 vestram
787 1492 918 1557 propter
939 1482 1036 1540 oboe-

276 1580 451 1640 dientiam:
483 1596 565 1655 quae
602 1579 690 1639 ducit
725 1589 813 1639 recto
849 1578 966 1638 itinere
1002 1576 1034 1636 in

277 1677 379 1738 vitam
411 1688 586 1738 aeternam.
623 1676 657 1737 Si
687 1676 786 1737 vultis
817 1677 914 1737 etiam
950 1674 1036 1735 scire
1048 1693 1072 1733 10

276 1791 441 1834 summam
473 1773 620 1834 omnium
652 1773 827 1848 librorum,
863 1783 939 1833 tunc
970 1782 1036 1831 stu-

276 1871 384 1932 deatis
420 1871 513 1948 sequi
541 1870 712 1932 Christum
750 1888 808 1947 per
838 1888 968 1931 crucem
1005 1879 1037 1929 et

278 1980 502 2045 contemptum
534 1969 680 2029 omnium
713 1969 969 2040 mundanorum;
1005 1976 1037 2027 et

278 2068 457 2128 invenietis
479 2067 626 2144 requiem
648 2068 819 2128 animabus
841 2067 976 2128 vestris:
1006 2076 1037 2125 et

277 2164 445 2240 aperietur
467 2165 559 2224 vobis
582 2182 718 2241 regnum
741 2166 916 2225 caelorum.
1048 2182 1072 2221 15

321 2261 472 2338 Purgetis
501 2261 637 2338 proinde
665 2280 777 2339 agrum
806 2262 913 2322 cordis
935 2261 1035 2321 vestri

276 2378 295 2420 a
319 2359 449 2419 tribulis
470 2370 502 2419 et
524 2359 628 2435 spinis
650 2360 820 2420 vitiorum:
847 2370 879 2420 et
901 2360 1037 2435 recipie-

275 2458 322 2519 tis
343 2456 477 2533 gratiam
495 2456 622 2518 Christi
645 2469 676 2517 et
692 2458 866 2518 amicitiam
890 2458 1035 2518 omnium

276 2563 466 2615 sanctorum
479 2556 679 2631 angelorum.
702 2556 860 2618 Orieutur
868 2554 955 2615 enim
965 2571 1037 2629 pro-

276 2653 367 2713 fecto
382 2652 476 2713 vobis
498 2652 719 2713 laborantibus
741 2654 774 2714 in
791 2654 887 2713 vinea
903 2652 1072 2712 Dominiao

275 2750 401 2812 multae
412 2750 446 2810 in
457 2751 565 2810 anima
576 2750 732 2811 virtutum
749 2751 895 2827 species:
911 2748 1036 2808 scilicet

276 2864 338 2924 pro
361 2848 455 2923 lappa
475 2848 659 2924 superbiae,
686 2849 807 2908 nardus
830 2846 1038 2919 humilitatis;

277 2962 338 3022 pro
362 2945 465 3005 urtica
487 2946 641 3021 libidinis,
664 2946 767 3005 lilium
791 2944 962 3005 castitatis:
978 2961 1036 3019 pro

275 3042 444 3102 absinthio
481 3042 688 3118 iracundiae,
733 3042 815 3102 licus
851 3052 1037 3102 mansuetu·

276 3138 384 3213 dinis3
411 3157 469 3215 pro
493 3140 587 3216 spina
609 3139 761 3215 invidiae,
783 3156 857 3199 rosa
878 3139 1073 3199 caritatistas

277 3253 338 3313 pro
369 3237 489 3297 tribulo
521 3237 685 3311 tristitiae,
714 3239 827 3296 botrus
857 3236 1036 3312 spiritualis

276 3334 439 3411 laetitiae3
481 3353 538 3411 pro
574 3336 699 3395 zizania
734 3333 934 3408 discordiae,
970 3333 1035 3393 bal·

275 3449 407 3493 samum
430 3434 542 3493 suavis
564 3433 775 3494 concordiae:
805 3450 863 3509 pro
886 3431 1035 3507 iunipero

275 3529 450 3606 laesionis,
479 3530 565 3591 oliva
591 3531 753 3591 iraternae
782 3529 1036 3605 compassionis;

275 3645 337 3705 pro
366 3628 473 3688 fabula
495 3628 737 3689 dissolutionis:
767 3644 877 3687 murra
900 3627 1072 3687 devotaeao

275 3725 511 3787 meditationis.

637 3830 675 3873 aot
