2692 4659
361 698 522 751 mm
542 698 610 741 vrrs
627 697 791 741 moewrcrs
806 698 944 741 vracrms
961 698 1123 751 >malatesta

363 849 436 892 rore
466 832 664 893 infirmitatis
690 832 779 892 illius
800 832 956 907 vitarent,
986 842 1019 893 et
1041 832 1122 893 ostia

362 948 422 989 sua
444 931 649 1005 clauderent3
671 930 762 1007 virgo
785 931 932 990 clemens
948 938 980 989 et
995 930 1119 989 nullum

363 1028 519 1087 miserum
542 1029 740 1104 abhorrens,
765 1037 917 1105 percepta
939 1028 1120 1089 calamitate

362 1127 444 1203 eius,
464 1126 560 1187 iussit
575 1126 888 1203 appropinquantem
904 1126 1016 1186 domui
1032 1142 1120 1199 suae,

338 1226 400 1285 sad
418 1242 455 1285 se
470 1224 597 1285 vocari:
619 1233 651 1285 et
666 1224 849 1285 mendicam
865 1222 1039 1283 introduci.
1073 1223 1119 1282 ln·

360 1340 473 1399 gressa
502 1323 599 1399 igitur
627 1323 666 1382 ad
695 1321 873 1398 virginem:
903 1322 997 1398 petiit
1025 1332 1119 1397 potus

361 1420 616 1497 eleemosynam.
654 1417 746 1479 Tunc
768 1419 859 1495 virgo
882 1428 1013 1496 aegrota
1035 1437 1119 1480 com-

360 1516 487 1592 patiens
521 1517 738 1593 pauperculae
770 1516 911 1593 petenti,
947 1534 1022 1577 cum
1055 1535 1118 1577 non

361 1614 495 1674 haberet
523 1615 609 1690 quod
639 1614 671 1673 in
700 1625 849 1691 promptu
872 1615 992 1675 melius
1014 1616 1119 1675 daret:

326 1710 456 1773 toiussit
485 1721 519 1773 ut
548 1714 737 1789 amphoram
766 1712 924 1772 vinariam
949 1730 1051 1789 super
1072 1730 1119 1772 as-

360 1827 467 1869 serem
484 1818 623 1870 stantem
640 1818 771 1886 caperet
787 1818 818 1870 et
834 1819 968 1886 potaret.
998 1809 1120 1887 Accipe

360 1907 465 1984 inquit
490 1906 555 1966 lilia
576 1909 765 1983 amphoram
789 1907 894 1968 illam:
924 1917 955 1968 et
977 1908 1066 1985 quod
1088 1908 1119 1967 in

360 2022 398 2064 ea
417 2004 515 2064 luerit
530 2004 625 2064 ebibe
640 2005 763 2065 vinum.
796 2005 871 2082 Quo
887 2007 1022 2082 haust03
1044 2023 1117 2066 cum

359 2103 464 2162 adhuc
476 2102 616 2179 amplius
627 2101 791 2164 sitibunda
799 2112 939 2178 peteret:
950 2103 1118 2179 respondit

326 2220 350 2261 ts
359 2200 450 2276 virgo
473 2217 509 2260 se
531 2200 678 2275 nescire,
703 2200 869 2277 quitquam
893 2200 1030 2277 liquoris
1053 2219 1118 2261 am-

359 2297 445 2374 plius
467 2298 500 2357 in
523 2298 620 2358 domo
644 2298 724 2358 fore.
747 2298 811 2359 Sed
834 2315 876 2357 ne
898 2296 1001 2358 tristis
1024 2309 1057 2357 et
1072 2298 1118 2357 in·

359 2396 472 2457 satiata
483 2397 666 2458 recederet:
683 2397 770 2458 dedit
782 2397 811 2456 ei
824 2413 925 2456 unum
937 2395 1119 2470 denarium,

359 2504 393 2554 ut
415 2505 525 2571 potum
549 2494 699 2554 venalem
723 2511 796 2554 cum
814 2501 1003 2553 coemeret.
1042 2493 1120 2553 Post

359 2594 439 2652 haec
461 2610 600 2669 vespera
619 2592 916 2668 appropinquante:
939 2601 1119 2667 coeperunt

321 2690 442 2750 nolabia
464 2690 600 2766 virginis
619 2707 697 2766 prae
713 2690 765 2750 siti
783 2688 951 2750 desiccari.
985 2689 1119 2750 Petebat

360 2805 436 2864 ergo
459 2805 477 2846 a
492 2797 582 2863 patre
598 2804 657 2847 suo
674 2788 780 2847 adhuc
796 2787 944 2847 vivente:
966 2796 1002 2846 ut
1017 2787 1119 2846 modi·

358 2902 432 2945 cum
444 2885 510 2945 vini
527 2885 566 2944 ad
582 2884 837 2961 relrigerandam
851 2884 1033 2944 ariditatem
1046 2885 1119 2945 sitis

358 2982 419 3042 sibi
443 2982 585 3043 afferret.
617 2982 692 3059 Quo
709 2982 938 3059 respondente,
961 2982 1118 3059 libenter3

357 3098 432 3140 cum
462 3081 650 3156 amphoram
680 3080 877 3155 praedictam
906 3090 1055 3155 tangeret
1085 3091 1118 3140 ut

320 3178 547 3253 aspetitionem
579 3177 664 3236 filiae
691 3177 879 3252 perliceret:
909 3179 1059 3254 protinus
1082 3195 1117 3238 se

357 3275 433 3335 vino
462 3275 622 3351 perfudit,
651 3275 737 3350 quod
767 3275 878 3334 divino
906 3286 988 3336 nutu
1017 3276 1052 3335 in
1080 3293 1117 3335 ea

357 3383 562 3449 procuratum
581 3372 650 3433 luit.
679 3373 798 3450 Sicque
814 3390 872 3449 pro
888 3373 1017 3432 modico
1028 3374 1115 3450 quod

356 3472 488 3548 pauperi
525 3472 558 3531 in
590 3471 786 3532 necessitate
817 3480 980 3547 gratanter
1011 3471 1116 3531 dedit:

356 3571 493 3629 multum
517 3570 636 3630 melius
658 3581 691 3630 et
713 3569 834 3645 largius
856 3569 961 3629 aDeo
981 3568 1116 3645 recepit.

317 3668 447 3727 aoHaec
464 3686 537 3728 cum
554 3680 645 3745 pater
668 3668 753 3728 filiae
773 3668 969 3728 rettulisset:
992 3667 1048 3727 illa
1063 3668 1116 3727 ad·

355 3765 487 3840 mirans,
508 3766 626 3842 gratias
653 3766 794 3825 Domino
817 3766 1014 3826 cordetenus
1039 3765 1115 3842 egit.

713 3871 754 3912 aso
