2692 4659
547 667 560 681 ⁵
585 667 600 717 ἑ
629 664 691 707 ¹112
715 665 1035 718 wwww

274 807 370 858 turae
400 799 461 859 Dei
491 816 557 859 non
586 798 808 859 subvenirent.
853 798 891 858 Et
918 798 1035 859 merito

276 896 412 972 quidem
444 914 502 972 pro
533 897 604 955 zelo
637 895 697 955 Dei
730 895 876 972 rigorose
907 897 1035 957 locutus

276 1004 329 1053 est
339 994 495 1054 sacerdos
511 994 687 1054 Facundus:
703 993 779 1070 quia
789 994 921 1069 probata
932 993 1035 1054 virtus

277 1091 414 1166 corripit
428 1092 632 1168 insipientes.
657 1093 780 1153 Verum
796 1102 910 1168 postea
924 1092 1035 1167 plures

278 1190 350 1249 Deo
380 1190 560 1266 inspirante
589 1191 628 1250 ad
658 1190 915 1250 misericordiam
944 1189 1058 1249 llexizs

278 1288 516 1348 benefecerunt
538 1288 662 1348 liberali
687 1288 784 1347 corde
806 1288 1035 1363 eleemosynas

278 1405 358 1448 suas
379 1387 496 1465 virgini
520 1397 650 1448 sanctae
668 1387 870 1448 destinando.
901 1386 964 1446 Hic
979 1385 1035 1445 ita-

278 1501 344 1560 que
374 1485 577 1545 reverendus
606 1494 697 1560 pater
720 1484 805 1544 inter
827 1493 936 1544 cetera
957 1482 1036 1542 cari-

278 1580 379 1639 tativa
410 1580 572 1657 colloquia
603 1598 677 1640 cunr
706 1580 833 1657 virgine
862 1582 1035 1657 languente

277 1695 364 1754 quae
385 1686 463 1737 tunc
485 1677 642 1753 temporis
667 1678 736 1737 fere
759 1677 965 1738 medietatem
988 1677 1071 1736 in·1o

279 1774 468 1835 firmitatum
498 1793 630 1836 suarum
656 1785 841 1852 peregerat,
870 1774 977 1851 coepit
1005 1775 1034 1835 ei

278 1872 410 1948 dicere,
445 1882 519 1933 ante
550 1875 671 1949 pascha
701 1874 762 1933 sibi
797 1874 1035 1951 quodammodo

278 1989 356 2031 esse
372 1972 567 2031 revelatum:
586 1972 678 2049 quasi
696 1973 766 2048 ipse
781 1990 821 2032 ex
836 1973 898 2032 hoc
914 1973 1035 2032 mundo

277 2071 319 2129 ad
343 2070 471 2129 Patrem
495 2071 653 2130 antehoc
682 2070 803 2146 pascha
824 2080 912 2130 esset
933 2079 1036 2130 trans-

277 2168 396 2228 iturus.
426 2166 489 2227 Cui
513 2167 604 2245 virgo
627 2167 805 2243 respondit,
827 2167 912 2243 quod
931 2184 1035 2244 usque
1047 2186 1071 2227 rs

277 2266 319 2325 ad
332 2266 477 2326 futurum
493 2274 706 2342 pentecosten
723 2265 783 2331 sibi
800 2265 1035 2340 expectandum

278 2364 381 2423 foret:
404 2373 436 2423 et
457 2364 543 2439 quod
566 2364 671 2423 adhuc
695 2363 812 2423 iterum
828 2373 901 2439 post
916 2364 1037 2439 pascha

277 2478 352 2521 earn
368 2461 501 2521 visitare
516 2462 659 2521 deberet.
689 2460 786 2537 Quod
802 2461 923 2521 dictum
939 2478 1034 2537 quarn

277 2575 396 2618 verum
420 2558 534 2619 luerit:
557 2559 604 2619 rei
628 2548 735 2618 exitus
757 2558 913 2635 probavit.
952 2560 1034 2619 Nam

277 2666 354 2733 post
376 2657 475 2716 verba
496 2656 529 2716 in
551 2656 642 2716 brevi
671 2656 767 2732 obiit,
795 2673 879 2716 anno
903 2656 1071 2716 Dominioo

277 2734 422 2823 dilcccss·
460 2762 685 2822 tertiodecimo
721 2762 754 2822 in
785 2762 894 2839 vigilia
925 2773 1035 2838 pente·

277 2872 389 2921 costes
427 2862 507 2921 hora
541 2879 584 2921 xn
623 2861 750 2921 mediae
781 2860 905 2934 nocua,
939 2860 1034 2920 tertio

279 2960 356 3019 ldus
381 2958 482 3034 lunii,
510 2975 574 3034 quo
604 2958 758 3035 agebatur
783 2959 901 3018 festum
931 2957 1033 3018 sancti

279 3057 450 3116 Barnabae
472 3056 619 3132 apostoli.
650 3056 834 3115 Defunctus
851 3064 959 3115 autem
981 3056 1034 3115 de·

278 3165 376 3215 votus
405 3165 437 3214 et
466 3154 654 3214 misericors
685 3164 776 3228 pater
796 3154 1070 3228 Werrnboldus‚25

278 3252 398 3312 dilatus
421 3262 470 3312 est
492 3252 531 3311 ab
553 3260 686 3326 aspectu
714 3250 837 3327 gloriae
866 3250 960 3310 faciei
990 3251 1035 3310 di·

279 3350 376 3409 vinae
405 3366 524 3409 novem
552 3348 655 3408 ierme
686 3348 817 3407 diebus:
846 3348 931 3408 sicut
958 3348 1035 3408 huic

279 3447 398 3524 virgini
430 3447 610 3506 revelatum
643 3445 703 3505 luit
732 3445 897 3505 divinitus
948 3446 1033 3507 Cum

280 3554 387 3605 autern
410 3543 473 3604 iste
488 3542 686 3604 venerabilis
702 3553 792 3618 pater
807 3552 881 3603 ante
896 3552 1033 3603 mortem

280 3659 371 3701 suarn
409 3658 483 3700 curn
519 3640 645 3717 virgine
683 3642 890 3717 loqueretur,
930 3641 1069 3716 ipsamao

281 3739 488 3815 paternaliter
509 3739 726 3799 consolando:
750 3749 783 3798 et
804 3738 859 3798 illa
880 3739 1033 3815 quodam·

636 3835 676 3877 407
