2692 4659
359 675 521 727 Θῃςῖρλῇ
550 674 713 717 SERMONES
728 674 768 716 AD
785 674 933 718 NOVICIOS
959 676 1124 729 [wyse-W

248 837 349 870 versvs.
401 805 453 867 Sis
488 808 620 868 homilis
651 809 801 884 potiens:
847 810 972 869 sobrios
1014 815 1124 870 castos

787 908 992 967 verecundas.

401 1003 552 1063 fervidos
588 1009 794 1064 mansuetos:
839 1004 982 1064 internos
1018 1011 1122 1066 menie

789 1103 932 1162 devotos.

337 1215 351 1254 5
401 1199 486 1258 Raro
500 1199 545 1258 sis
560 1205 669 1260 exiro:
691 1202 758 1276 lege
778 1202 887 1272 scribe,
909 1200 1041 1276 saepias
1056 1218 1120 1261 oro.

401 1296 578 1357 Servitium
603 1298 730 1359 lllariae
761 1317 822 1359 nec
854 1299 985 1376 longum
1016 1299 1118 1360 videri

360 1394 467 1470 debet,
489 1412 551 1455 nec
573 1412 761 1457 onerosum.
792 1396 994 1457 Delectabile
1017 1407 1067 1457 est
1089 1406 1119 1456 et

361 1492 607 1552 laetabundum:
629 1493 684 1553 tali
705 1493 856 1554 dominae
872 1493 969 1554 corde
992 1503 1024 1553 et
1040 1510 1118 1554 voce

361 1590 519 1650 famulari.
563 1590 646 1650 Nam
669 1591 793 1668 absque
823 1590 955 1651 notabili
984 1590 1118 1651 retribu-

326 1705 351 1746 ιο
360 1687 449 1748 tione
471 1705 537 1748 non
560 1688 636 1749 erit:
659 1690 995 1765 quantulumcumque
1019 1689 1118 1750 modi·

361 1803 434 1846 cum
467 1786 500 1846 in
532 1786 603 1845 eius
637 1787 762 1846 honore
793 1787 978 1862 impensum
1013 1787 1117 1847 luerit.

363 1884 466 1943 Parva
487 1883 644 1959 obsequia
659 1884 794 1944 humilis
809 1893 912 1945 mater
929 1901 994 1945 non
1011 1901 1118 1961 asper·

361 1992 471 2057 natur3
500 1982 627 2042 modica
656 1982 761 2043 oblata
790 1983 842 2059 pia
862 1983 954 2060 virgo
982 1982 1119 2042 libenter

361 2089 521 2157 acceptat:
544 2097 618 2139 cum
641 2089 758 2155 sponte
780 2088 812 2140 et
834 2080 950 2140 devote
975 2079 1117 2140 offerun-

328 2188 422 2238 tstur.
466 2177 565 2239 Novit
593 2177 680 2253 quod
712 2193 828 2253 magna
849 2178 926 2237 dare
957 2195 1023 2238 non
1046 2194 1117 2253 pos·

361 2294 494 2336 sumus:
518 2292 626 2351 neque
648 2274 864 2349 impossibilia
885 2275 984 2352 exigit
1012 2293 1117 2335 aser-

361 2374 447 2433 vulis
469 2374 538 2433 suis
561 2372 749 2432 misericors
772 2373 920 2448 domina,
949 2383 1118 2433 mansueta

362 2471 482 2547 regina.
526 2470 640 2530 Nescit
669 2470 789 2530 nobilis
817 2470 872 2529 illa
900 2480 1015 2531 natura
1039 2471 1118 2531 indi·

361 2569 513 2645 gentibus
535 2584 600 2628 non
628 2567 794 2627 misereri:
824 2584 907 2643 quae
936 2568 1119 2629 misericor·

325 2666 447 2726 zodiam
479 2665 633 2725 universo
665 2665 792 2741 peperit
827 2665 906 2726 orbi.
957 2666 986 2727 Ο
1023 2684 1117 2743 quam

361 2764 502 2840 gratiose
525 2762 642 2838 recipit
664 2762 803 2823 fideliter
824 2763 886 2822 sibi
918 2764 1118 2825 servientes:

362 2879 445 2939 quae
477 2872 540 2922 tam
573 2862 763 2939 frequenter
794 2863 955 2923 convertit
986 2864 1118 2924 monitis

362 2961 442 3037 suis,
464 2971 496 3020 et
518 2959 685 3019 miraculis
707 2959 914 3021 evidentibus
942 2960 1064 3021 misere
1086 2961 1117 3020 in

363 3060 494 3120 saeculo
516 3058 676 3118 viventes.
711 3058 832 3135 Quanti
856 3059 996 3118 luissent
1018 3069 1118 3119 aeter-

325 3178 352 3218 25
362 3157 478 3217 naliter
506 3155 729 3230 condemnati,
758 3156 810 3215 vel
835 3155 868 3215 in
891 3156 1117 3232 desperatione

361 3254 620 3330 permansissent
653 3253 824 3315 obstinati:
860 3253 923 3313 nisi
954 3252 1118 3331 benignis·

362 3351 445 3410 sima
473 3351 564 3427 virgo
587 3352 692 3410 illaria
720 3368 778 3427 pro
808 3350 857 3411 eis
879 3350 1119 3427 interpellasset

361 3449 400 3508 ad
432 3448 544 3509 lilium.
597 3449 703 3526 Digne
734 3467 811 3528 ergo
847 3450 886 3509 de
918 3467 957 3509 ea
992 3450 1118 3524 dicitur,

360 3546 448 3622 quod
469 3546 511 3606 sit
533 3547 717 3608 miseratrix
739 3548 952 3608 miserorum:
975 3557 1007 3608 et
1029 3547 1117 3608 auxi·

324 3644 467 3708 aoliatrix
489 3644 634 3705 omnium
657 3656 875 3721 peccatorum.
908 3646 982 3707 Non
1005 3655 1116 3707 nostra

362 3742 488 3820 quaerit
510 3759 571 3803 nec
593 3744 715 3804 nostris
730 3744 868 3821 indiget:
891 3744 943 3804 cui
966 3744 1119 3805 caelestia

717 3848 759 3890 220
