2692 4659
237 804 318 865 iusto
341 806 534 881 occultoque
550 804 671 865 iudicio
688 804 797 864 omnia
812 804 988 880 dispensat.

240 901 298 975 lpsi
327 903 414 963 enim
445 920 523 962 cura
551 913 602 962 est
630 903 670 962 de
699 902 852 961 omnibus
879 903 988 963 nobis:

192 1048 193 1056 ,
241 1000 274 1057 ab
299 1000 391 1060 initio
420 1000 506 1060 vitae
536 1017 641 1076 usque
670 1000 710 1060 ad
741 999 838 1059 linem
864 1001 998 1068 mortis„

242 1097 298 1173 Qui
320 1098 407 1158 enim
431 1097 509 1158 lecit
531 1115 592 1157 nos
614 1115 680 1157 non
702 1099 906 1174 derelinquet
928 1117 989 1159 nos

192 1199 194 1242 l
243 1194 264 1253 si
284 1212 356 1255 eum
378 1213 444 1255 non
460 1195 694 1271 relinquimus:
717 1196 775 1255 sed
797 1196 892 1257 laciet
914 1213 1012 1257 cums

244 1296 441 1371 temptatione
463 1306 658 1372 proventum
689 1306 724 1355 ut
752 1295 918 1371 possimus
940 1313 989 1354 re-

243 1392 358 1469 sistere,
380 1404 412 1453 et
434 1394 602 1454 molestias
624 1394 697 1454 eius
717 1395 890 1455 sustinere.
934 1394 989 1454 Di-

244 1506 342 1552 camus
384 1509 461 1568 ergo
504 1509 578 1551 cum
621 1503 735 1553 sancto
777 1492 811 1552 in
847 1494 988 1568 psalmo:

244 1590 358 1663 quando
381 1590 611 1666 impugnamur
632 1591 671 1649 ab
688 1591 821 1650 inimico
837 1590 987 1667 maligno.

244 1685 356 1747 lldiuva
372 1706 424 1748 me
441 1687 582 1748 Domine
599 1688 706 1748 Deus:
722 1705 764 1747 ne
780 1688 988 1764 derelinquas
1000 1703 1025 1743 ro

244 1800 293 1844 ne.
334 1786 372 1845 Et
394 1786 513 1846 iterum
537 1803 611 1846 cum
634 1796 701 1845 tota
728 1786 848 1846 mentis
871 1786 988 1845 fiducia

244 1882 408 1944 clamemus
430 1884 469 1943 ad
493 1884 665 1945 Christum
688 1884 721 1944 in
745 1884 854 1944 caelis,
891 1882 986 1944 Oculi

244 1980 294 2039 mei
316 1997 447 2058 semper
469 1981 508 2041 ad
530 1982 724 2041 Dominum:
747 1982 900 2058 quoniam
916 1982 987 2057 ipse

245 2080 347 2141 evellet
369 2081 409 2140 de
432 2080 548 2156 laqueo
571 2081 672 2155 pedes
695 2097 796 2140 meos,
830 2081 895 2139 Pax
911 2096 988 2139 vera

245 2185 268 2234 et
286 2178 428 2252 perlecta
449 2178 583 2254 requies
612 2179 717 2238 estin
747 2180 837 2238 caelo
865 2195 931 2237 non
954 2177 987 2236 in
999 2194 1024 2234 15

244 2281 329 2335 terra:
357 2276 434 2353 quia
463 2276 516 2336 hic
546 2275 655 2335 omnia
684 2286 760 2335 sunt
789 2276 821 2335 in
845 2285 933 2335 motu
957 2286 988 2336 et

243 2369 343 2433 timore
365 2383 398 2432 et
420 2372 584 2448 frequenti
607 2389 771 2447 pressura.
802 2371 902 2447 Igitur
925 2371 987 2429 for-

242 2466 273 2526 tis
292 2468 446 2544 patientia
467 2468 563 2528 nobis
584 2485 713 2528 summe
729 2468 916 2527 necessaria
938 2478 988 2527 est

240 2563 266 2624 in
291 2569 349 2627 hac
382 2566 487 2643 fragili
517 2566 599 2626 vita:
630 2584 714 2642 quae
745 2584 810 2625 non
843 2576 893 2626 est
923 2566 986 2624 nisi

240 2664 389 2724 cotidiana
408 2663 541 2724 luctatio
562 2675 674 2723 contra
690 2664 776 2724 vitia.
807 2663 883 2724 Sive
899 2664 986 2723 enim
997 2680 1023 2722 20

238 2760 325 2821 homo
347 2763 447 2823 fuerit
468 2762 501 2822 in
524 2763 620 2822 domo
639 2762 770 2838 propria
786 2762 856 2821 sive
872 2762 987 2837 aliena,

236 2858 298 2919 sive
319 2861 404 2921 inter
432 2871 527 2920 notos
555 2870 610 2919 aut
640 2859 818 2919 familiares
847 2860 986 2920 amicos:

236 2956 292 3016 cito
316 2958 377 3017 sibi
401 2957 543 3018 obviabit
559 2958 645 3033 quod
668 2957 819 3033 displicet
841 2969 894 3019 aut
916 2976 986 3034 per-

235 3057 332 3117 turbat
374 3057 501 3116 animae
537 3057 681 3132 quietem
724 3057 839 3116 nullibi
875 3065 985 3116 tutam.

236 3151 330 3214 Ponat
345 3172 423 3231 ergo
439 3155 577 3231 quilibet
592 3172 628 3214 se
644 3154 684 3214 ad
699 3154 886 3231 patientiam
903 3153 1023 3214 sicutzs

234 3251 345 3312 melius
366 3263 490 3330 potest3
519 3262 550 3312 et
572 3252 734 3328 patienter
763 3261 868 3327 portet
890 3270 986 3328 quae-

234 3364 366 3426 cumque
390 3351 481 3410 Deus
503 3350 707 3426 permiserit:
730 3351 831 3411 etsie
854 3351 986 3427 amplio-

234 3461 296 3505 rem
317 3464 430 3522 pacem
453 3447 593 3508 habebit.
626 3446 661 3507 Si
684 3448 723 3506 ab
746 3448 854 3523 aliquo
877 3449 986 3508 laesus

234 3552 261 3602 et
281 3544 482 3620 vituperatus
515 3545 631 3620 luerit;
660 3544 770 3604 vincat
799 3546 985 3620 superbiam

234 3656 329 3718 suam,
350 3655 382 3704 et
404 3643 509 3703 discat
530 3643 595 3719 pati
612 3643 862 3703 contumeliam:
886 3654 917 3703 et
939 3644 1022 3702 in·ao

234 3740 336 3799 veniet
363 3740 448 3816 apud
472 3740 578 3800 Deum
608 3740 743 3816 gratiam
774 3757 921 3816 magnam
954 3752 986 3800 et

589 3846 613 3886 41
