2692 4659
365 677 525 729 mm
553 676 770 718 SERMONESAD
788 676 936 720 NOVICIOS
962 678 1125 733 ’ζῷἕῇἴῶἱῇ

366 809 520 869 universa
550 810 711 886 conspicit
741 819 914 887 antequam
951 811 1045 873 fiant:
1084 814 1125 873 de

366 924 430 983 quo
461 908 579 968 dicitur
609 909 642 967 in
674 909 810 983 psalmo.
863 908 1025 969 Dominus
1061 911 1125 971 scit

366 1004 578 1081 cogitationes
610 1006 798 1065 hominum:
835 1008 987 1082 quoniam
1019 1025 1125 1068 vanae

366 1112 451 1163 sunt.
499 1102 568 1164 Cor
598 1120 776 1179 numquam
808 1103 948 1179 quiescit
979 1106 1058 1181 quin
1091 1106 1125 1165 in

343 1201 474 1277 saliquo
496 1202 538 1262 sit
560 1211 770 1278 occupatum:
792 1202 863 1262 sive
880 1203 1001 1262 bonum
1025 1203 1127 1263 fuerit

365 1299 436 1359 sive
465 1300 595 1359 malum.
639 1300 675 1359 ln
706 1300 792 1359 bono
822 1317 878 1359 cor
906 1301 1126 1361 confortatur:

365 1396 399 1455 in
422 1397 506 1456 malo
529 1398 744 1472 perturbatur.
788 1397 821 1457 Si
845 1398 918 1473 quis
941 1415 997 1458 cor
1025 1416 1125 1459 suum

365 1494 462 1569 gestit
484 1495 649 1555 custodire
672 1504 704 1555 et
723 1496 762 1554 ab
778 1495 967 1571 evagatione
990 1496 1126 1557 restrin-

365 1610 459 1669 gere:
490 1593 607 1653 bonam
639 1593 884 1653 meditationem
916 1595 1043 1655 studeat
1075 1613 1126 1655 as-

333 1707 515 1765 105umere3
544 1701 576 1751 et
605 1691 645 1750 de
667 1691 777 1750 verbis
806 1708 918 1751 sacrae
943 1693 1126 1768 scripturae

368 1788 476 1847 favum
493 1789 601 1847 mellis
616 1789 754 1864 colligat,
772 1790 858 1849 unde
874 1790 1013 1849 animam
1029 1808 1125 1851 suam

367 1894 493 1961 pascat:
516 1886 601 1945 levia
617 1887 716 1946 verba
737 1887 885 1963 dimittat,
907 1887 1036 1947 curiosa
1059 1906 1126 1948 non

367 1994 516 2060 quaerat3
545 1984 578 2044 in
600 1985 767 2060 prosperis
789 2002 855 2044 non
880 2002 916 2044 se
938 1985 1062 2045 elevet:
1091 1985 1125 2045 in

367 2082 514 2141 adversis
525 2082 712 2157 patientiam
725 2092 849 2142 servet:
862 2092 893 2142 et
904 2082 1013 2141 omnia
1024 2100 1126 2158 super

333 2197 403 2246 15se
426 2189 563 2240 ventura
586 2180 656 2239 Deo
685 2179 787 2239 libere
819 2179 1006 2239 committat.
1051 2180 1124 2239 Hoc

367 2295 497 2354 quoque
509 2278 806 2353 praecipuepenset
817 2278 955 2353 qualiter
966 2278 1122 2337 unionem

367 2392 441 2435 cum
465 2377 535 2436 Deo
557 2376 678 2435 habere
701 2375 819 2451 possit:
848 2374 902 2451 qui
932 2375 965 2434 in
987 2374 1124 2450 pacifico

367 2473 464 2532 corde
487 2474 594 2531 locum
617 2473 656 2531 ad
677 2473 886 2533 habitandum
903 2474 1039 2549 quaerit.
1077 2474 1125 2533 Id-

367 2571 454 2630 circo
485 2570 561 2631 totis
590 2570 715 2629 viribus
747 2571 784 2629 ab
816 2570 938 2630 infimis
968 2572 1057 2631 curis
1088 2589 1125 2631 se

331 2671 512 2746 zoeionget:
536 2678 567 2728 et
589 2685 645 2727 cor
666 2677 834 2727 assuetum
850 2669 958 2744 vagari
975 2686 1034 2744 per
1056 2687 1125 2729 ora-

367 2768 474 2828 tiones
502 2767 618 2844 ignitas
641 2775 672 2825 et
695 2766 809 2825 crebra
829 2766 970 2842 suspiria
992 2783 1124 2827 sursum

368 2868 454 2926 levet
476 2875 507 2925 et
529 2866 623 2926 dicat.
652 2866 749 2927 Oculi
766 2866 829 2926 mei
852 2882 984 2941 semper
1005 2866 1044 2924 ad
1061 2867 1125 2926 Do·

368 2963 502 3022 minum.
533 2963 696 3039 Quotiens
718 2973 825 3023 autem
848 2981 866 3021 a
888 2980 1016 3022 summo
1039 2963 1124 3022 bono

368 3079 407 3121 ex
430 3061 617 3136 fragilitate,
641 3070 696 3120 aut
718 3060 825 3136 aliqua
847 3060 1044 3120 necessitate
1066 3060 1125 3119 im-

331 3181 358 3221 25
368 3159 511 3236 peditur:
534 3176 649 3218 rursus
670 3158 813 3233 incipiat,
835 3167 867 3217 et
889 3156 952 3217 cito
976 3174 1034 3233 per
1055 3176 1124 3218 ora·

367 3258 489 3318 tionem
512 3266 676 3333 resurgat3
701 3272 837 3331 gemens
860 3264 891 3315 et
913 3255 1029 3314 dolens
1052 3272 1125 3331 pae-

368 3355 484 3430 niteat,
516 3355 601 3430 quod
630 3354 669 3413 ad
699 3362 900 3413 momentum
931 3352 1124 3413 Creatorem

368 3470 426 3529 pro
443 3462 590 3512 creatura
605 3452 763 3527 neglexit:
786 3452 838 3511 cui
855 3468 912 3527 pro
927 3467 1026 3525 posse
1048 3450 1125 3510 totis

369 3550 539 3611 affectibus
562 3550 732 3610 intendere
755 3558 786 3609 et
808 3549 925 3625 iugiter
946 3548 1125 3609 adhaerere

332 3649 511 3709 aodeberet.
554 3648 600 3707 Ex
622 3665 715 3706 sacra
736 3663 876 3723 namque
900 3645 1042 3705 lectione
1064 3656 1126 3707 tra·

369 3746 457 3807 bitur
485 3746 569 3805 bona
597 3744 762 3805 meditatio
792 3745 831 3804 de
855 3744 942 3804 Deo:
971 3760 1012 3803 ex
1040 3746 1127 3804 bona

733 3850 761 3890 oo
