2692 4659
237 694 998 753 &mmmmm

238 830 305 889 vita
326 831 503 907 speranda3
531 841 608 891 tunc
638 848 709 892 eam
738 850 836 893 verus
864 832 999 892 humilis

239 928 353 988 habet:
384 928 439 1005 qui
463 928 600 989 iniurias
622 931 784 1006 patienter
806 931 946 991 sustinet
967 940 999 991 et

238 1035 333 1087 tacet.
376 1026 442 1103 Qui
465 1029 535 1088 vult
557 1045 633 1105 ergo
665 1030 786 1089 habere
808 1045 938 1105 pacem,
967 1037 1000 1088 et

238 1125 357 1183 bonam
375 1124 628 1201 conscientiam3
646 1126 808 1203 relinquat
819 1144 877 1203 pro
888 1142 998 1185 amore

240 1222 302 1281 Dei
319 1223 519 1283 voluntatem
535 1240 645 1284 suam:
667 1232 700 1283 et
722 1224 824 1284 discat
840 1224 1022 1299 patienters

240 1319 327 1379 ferre
344 1318 495 1380 iniuriam
511 1321 725 1382 ethominum
743 1321 998 1397 despectionem.

239 1417 293 1477 Sic
317 1417 406 1477 enim
423 1417 578 1478 Christus
601 1418 678 1479 fecit
693 1418 850 1494 portando
869 1435 927 1493 pro
943 1434 999 1477 no·

238 1515 290 1574 bis
310 1514 561 1591 ignominiosam
578 1533 727 1576 crucem:
750 1524 782 1577 et
797 1514 999 1575 oboediendo

240 1612 328 1671 Patri
352 1629 458 1688 usque
480 1613 519 1672 ad
542 1623 691 1673 mortem.

408 1838 497 1902 incipit
514 1840 586 1889 tertio
600 1853 660 1902 pars
678 1840 753 1888 huius
770 1840 833 1889 libri.
1011 1844 1036 1886 ιο

241 2012 299 2072 DE
322 2012 475 2074 CRVCE
498 2011 681 2073 COTIDIE
696 2010 930 2074 TOLLENDA
954 2013 997 2073 IN

367 2109 610 2172 RELIGIONE
632 2108 877 2171 ASSVMPTA.

529 2268 649 2319 SERMO
666 2268 719 2318 XX.

243 2341 422 2562 ffllhi
448 2410 556 2464 autem
585 2404 671 2465 obsit
695 2404 828 2479 gloriari
837 2420 847 2464 :
875 2406 939 2466 nisi
967 2406 1000 2466 in

392 2518 484 2563 cruce
504 2502 635 2563 Domini
661 2502 762 2562 nostri
781 2503 852 2563 Iesu
876 2503 1037 2564 Christirs

243 2602 364 2662 Dilecti
389 2601 506 2661 iratres
528 2602 642 2661 beatus
665 2601 787 2661 Paulus
811 2602 1000 2662 caelestium

242 2708 448 2760 secretorum
472 2699 709 2775 contemplator
723 2699 873 2775 eximius,
894 2709 1002 2760 osten-

243 2797 289 2858 dit
325 2796 422 2856 nobis
458 2795 491 2855 in
523 2795 700 2872 praedictis
731 2797 841 2857 verbis
871 2807 1002 2857 sanctae

243 2896 363 2971 crucis,
386 2903 508 2955 rectam
530 2894 615 2953 viam
638 2893 723 2953 bene
746 2894 894 2970 vivendi;
922 2896 1003 2971 opti·

243 3010 329 3053 mam
353 2991 533 3052 doctrinam
556 2991 693 3051 adversa
708 2990 863 3066 patiendi:
886 2992 1038 3052 firmis-ao

242 3093 360 3153 simam
384 3092 504 3151 scalam
522 3089 719 3151 ascendendi
742 3089 782 3149 ad
797 3090 921 3149 caelum
946 3106 1004 3165 per

243 3189 497 3250 invictissimum
540 3197 671 3248 sanctae
714 3186 821 3247 crucis
863 3187 1002 3263 signum.

244 3288 336 3348 Haec
366 3286 453 3347 enim
484 3286 572 3346 ducit
603 3296 765 3346 amatores
794 3301 873 3344 suos
899 3285 931 3343 in
955 3301 1003 3344 re-

241 3384 375 3459 gionem
398 3391 549 3442 aeternae
571 3382 665 3457 lucis,
687 3392 838 3443 aeternae
861 3382 950 3457 pacis
972 3390 1003 3441 et

242 3489 398 3540 aeternae
412 3478 640 3540 beatitudinis:
656 3497 752 3556 quam
769 3480 911 3539 mundus
927 3480 1038 3540 darezs

242 3594 309 3639 non
326 3585 445 3653 potest,
467 3594 528 3639 nec
543 3578 692 3638 diabolus
707 3577 846 3637 auferre.
883 3578 1003 3637 Horret

242 3678 387 3737 humana
410 3675 567 3752 fragilitas
588 3675 652 3751 pati
680 3684 921 3751 paupertatem,
950 3675 1002 3733 ab·

241 3774 430 3849 iectionem‚
452 3773 626 3849 vilitatem,
657 3773 818 3847 esuriem,
847 3773 1002 3846 laborem,

270 3876 516 3931 ThomaeaK.0pera.
528 3878 565 3921 Vl.
608 3878 644 3920 177
871 3877 895 3917 12
