2692 4659
361 669 522 723 (amm
539 669 606 711 vira
623 668 786 712 ttorwrots
801 666 939 711 tracuus
958 668 1124 722 {emta

362 804 480 864 iterum
503 803 537 863 in
559 812 707 863 ventrem
731 803 802 863 eius
825 802 950 878 reponi.
982 802 1124 863 Dicebat

363 918 493 977 quoque
524 900 610 960 idem
643 900 806 961 medicus:
837 900 871 960 in
893 899 985 960 brevi
1017 900 1122 977 ipsam

363 999 575 1077 hydropicam
588 999 740 1059 futuram.
764 998 1026 1058 Incurritautem
1038 1000 1124 1059 hanc

365 1096 569 1173 hydropisim
594 1096 663 1156 iere
685 1097 799 1156 decem
822 1106 854 1157 et
875 1113 996 1157 novem
1028 1097 1124 1157 annis

341 1206 438 1256 sante
467 1206 604 1255 mortem
627 1213 737 1255 suam:
766 1195 799 1253 in
822 1195 940 1271 quibus
962 1212 1027 1255 nec
1050 1196 1123 1256 cibo

365 1311 425 1353 nec
455 1303 531 1369 potu
555 1311 615 1353 nec
638 1310 754 1353 somno
778 1293 937 1354 utebatur.
974 1293 1015 1354 Et
1037 1294 1125 1354 sicut

364 1391 454 1451 nulla
481 1391 635 1452 alimenta
662 1391 864 1452 insumebat:
894 1391 941 1450 sic
970 1408 1035 1451 nec
1058 1392 1125 1451 ulla

364 1490 530 1566 supertlua
551 1499 686 1549 naturae
709 1489 870 1566 egerebat.

405 1586 504 1649 Circa
527 1604 648 1647 annum
674 1587 805 1647 Domini
826 1585 1022 1649 ·M·CCCC·
1044 1587 1124 1648 duo-

331 1702 355 1742 ιο
365 1684 539 1761 decimum,
561 1685 642 1746 haec
665 1702 758 1744 sacra
774 1684 834 1745 Dei
857 1683 1002 1759 plantula
1025 1686 1125 1762 longo

365 1782 487 1842 doloris
509 1783 638 1842 sarculo
661 1783 827 1859 perfossa,
849 1799 888 1842 ex
911 1783 1126 1844 vehementia

365 1879 588 1940 infirmitatum
619 1897 752 1940 suarum
775 1880 920 1940 evomuit
948 1881 1126 1957 particula·

365 1978 421 2037 tim
454 1979 641 2054 pulmonem
673 1988 705 2038 et
736 1980 836 2054 hepar
864 1996 938 2039 cum
970 1979 1126 2055 pluribus

365 2076 547 2152 intestiniS‚
568 2077 693 2153 absque
715 2086 822 2137 tamen
845 2077 953 2153 aliquo
976 2076 1126 2137 foetore:

331 2184 399 2234 rsut
435 2174 603 2251 probatum
640 2186 691 2235 est
725 2193 743 2234 a
778 2176 899 2236 multis,
942 2174 1027 2234 Nam
1066 2175 1126 2252 qui

365 2271 515 2331 manibus
537 2290 576 2331 ea
597 2272 823 2333 attrectabant:
855 2273 923 2333 fere
952 2289 1012 2349 per
1034 2273 1126 2333 diem

366 2370 557 2429 suavitatem
581 2371 732 2431 manibus
755 2372 824 2431 suis
847 2371 1027 2431 adhaerere
1049 2390 1128 2432 sen·

365 2468 496 2527 tiebant.
528 2468 556 2528 Α
579 2469 823 2546 quartodecimo
845 2486 930 2529 anno
953 2486 1061 2545 usque
1086 2471 1128 2530 ad

366 2565 466 2624 Xle
477 2566 567 2625 nullo
584 2568 679 2627 modo
696 2585 754 2644 per
769 2585 805 2627 se
821 2568 924 2643 ipsam
938 2567 1045 2644 potuit
1056 2585 1128 2628 mo·

329 2663 434 2722 aoveri
457 2673 512 2723 aut
532 2665 631 2741 verti;
654 2676 686 2725 et
708 2665 832 2725 iacebat
854 2665 925 2741 ipso
947 2667 1127 2742 septennio

366 2771 397 2820 et
419 2761 576 2838 deinceps
598 2763 754 2839 resupina
776 2781 881 2840 usque
903 2764 941 2823 ad
964 2775 1128 2826 mortem:

366 2876 426 2918 nec
458 2859 625 2936 quitquam
662 2879 795 2921 movere
832 2871 956 2938 poterat
986 2862 1021 2922 in
1054 2881 1129 2924 cor·

366 2974 444 3032 pore
480 2975 557 3033 suo,
593 2971 729 3035 excepto
766 2960 869 3035 capite
905 2970 937 3020 et
967 2960 1128 3022 bracchio

366 3055 499 3115 sinistro
515 3073 588 3115 cum
605 3058 737 3134 scapula
752 3058 834 3117 eius.
856 3057 996 3134 Quando
1013 3069 1128 3121 autem

329 3173 357 3214 25
367 3154 490 3214 moveri
520 3166 574 3214 aut
595 3155 677 3214 verti
708 3154 832 3215 solebat
858 3155 891 3214 in
914 3154 1016 3231 lecto;
1046 3166 1129 3218 tunc

366 3252 533 3326 oportebat
541 3270 659 3328 corpus
671 3253 743 3313 eius
752 3253 837 3313 circa
847 3252 997 3328 scapulas
1008 3271 1131 3333 mappa

366 3351 418 3409 vel
441 3350 505 3410 leni
531 3350 630 3409 fascia
646 3350 806 3427 colligari:
830 3350 973 3426 alioquin
994 3352 1131 3427 pericli-

366 3447 492 3507 tabatur
514 3448 718 3508 membratim
741 3447 887 3508 dissolvi.

407 3543 497 3605 Alias
520 3562 650 3622 quoque
672 3563 769 3623 quam
801 3545 958 3623 plurimas
987 3545 1131 3609 infirmi-

331 3653 449 3703 aotates
485 3644 665 3719 patiebatur
697 3644 786 3721 virgo
823 3643 948 3706 Christi
986 3644 1131 3723 flagellis

367 3740 473 3800 cincta
488 3740 691 3801 durissimis:
707 3758 790 3817 quae
805 3758 870 3801 non
887 3742 925 3800 ad
941 3744 1130 3818 perniciem

725 3846 766 3887 aar
