2692 4659
310 700 472 755 &mm
490 700 557 743 vnn
574 698 737 743 rrorwrcrs
752 698 892 743 vrnornrs
908 698 1063 753 magn
1105 728 1107 734 .

311 852 392 911 quas
407 834 498 910 prius
514 833 699 894 diutissime
714 835 882 910 habuerat,
902 844 989 895 tanta
1003 851 1066 893 mo·

310 933 405 992 lestia
420 933 535 992 calculi
550 932 758 1008 gravabatur:
776 932 863 1008 quod
880 931 1064 1008 frequenter

311 1031 436 1090 duabus
457 1031 509 1089 vel
532 1030 636 1090 tribus
657 1029 785 1089 vicibus
800 1047 866 1088 una
881 1030 962 1089 hora
976 1027 1062 1105 quasi

310 1128 470 1188 exanimis
494 1127 595 1202 facta,
617 1126 705 1203 loqui
729 1142 794 1185 non
817 1136 953 1201 poterat.
996 1126 1063 1202 Qua

287 1225 458 1301 sangustia
480 1242 554 1284 cum
576 1224 765 1284 vehementi
788 1241 900 1284 morsu
923 1224 1062 1284 dentium

310 1324 382 1383 sine
404 1322 514 1382 verbis
535 1322 757 1398 impatientiae
779 1322 833 1381 vix
854 1329 1016 1381 transacta
1035 1330 1063 1378 et

310 1431 477 1480 cessante:
506 1419 715 1495 paucissimis
737 1420 847 1479 verbis
870 1420 924 1479 vix
947 1419 992 1480 uti
1013 1435 1062 1495 po-

309 1529 391 1579 terat
407 1520 445 1578 ad
461 1519 671 1594 loquendum.
704 1518 840 1577 Dicebat
855 1528 976 1592 autem,
995 1516 1062 1593 quia

310 1617 396 1676 idem
413 1617 559 1676 calculus
573 1625 712 1676 mortem
729 1615 791 1675 sibi
806 1625 895 1675 esset
905 1616 1062 1675 illaturus:

277 1732 301 1775 to
311 1713 522 1790 quantitatem
551 1714 677 1772 habens
705 1713 797 1790 quasi
821 1712 921 1772 unius
944 1712 996 1772 ovi
1017 1727 1063 1770 co·

311 1812 450 1871 lumbae.
674 1888 676 1891 .

353 1909 397 1967 Eo
413 1926 544 1985 quoque
557 1917 706 1985 tempore
718 1908 762 1968 ita
773 1924 845 1967 raro
856 1923 916 1983 per
926 1907 1064 1967 internas

311 2006 553 2066 consolationes
576 2006 734 2066 divinitus
754 2005 962 2065 visitabatur:
985 2003 1063 2081 quod

312 2104 444 2163 domino
468 2104 604 2164 Iohanni
627 2103 810 2163 conlessori
832 2095 894 2162 'suo
917 2103 1065 2180 quodam·

278 2203 408 2264 tsmodo
437 2218 473 2261 se
502 2201 691 2261 derelictam
716 2219 734 2260 a
756 2201 898 2261 Domino
920 2218 998 2278 prae
1018 2216 1064 2259 so·

312 2298 368 2358 lito
391 2316 464 2358 cum
489 2300 633 2359 lacrimis
651 2301 922 2375 conquerebatur.
956 2300 991 2359 ln
1006 2314 1064 2375 qua

311 2406 420 2456 tamen
456 2397 657 2457 desolatione
692 2397 797 2456 maius
827 2398 981 2458 meritum
1011 2413 1066 2473 per

312 2493 499 2569 patientiam
522 2494 583 2552 sibi
599 2496 757 2571 accrevit3
780 2495 855 2572 quia
870 2494 1067 2554 conformior

313 2591 448 2650 Christo
469 2592 500 2649 in
517 2609 614 2651 cruce
629 2593 763 2668 patienti
781 2594 992 2653 reddebatur:
1015 2590 1065 2667 qui

276 2707 392 2751 aovoce
422 2708 537 2766 magna
559 2691 597 2749 ad
621 2692 751 2751 Patrem
774 2691 925 2752 clamavit
947 2690 1066 2750 dicens.

314 2789 404 2846 Deus
433 2806 526 2847 meus
550 2790 640 2848 Deus
670 2808 764 2850 meus
794 2801 827 2850 ut
853 2791 931 2867 quid
955 2789 1066 2849 dereli-

312 2887 410 2963 quisti
427 2888 507 2949 me?
539 2887 612 2963 lpsa
627 2898 736 2948 autem
752 2898 863 2948 sancta
879 2888 971 2963 virgo
988 2887 1067 2946 sicut

313 3002 389 3043 vera
417 2984 552 3043 amatrix
582 2995 613 3045 et
642 2986 812 3045 baiulatrix
840 2985 966 3059 crucis,
997 3001 1067 3043 con·

311 3082 455 3141 tinuabat
478 3092 509 3141 et
529 3083 686 3143 tolerabat
703 3083 909 3142 infirmitates
924 3100 1003 3141 suas
1018 3098 1067 3140 us-

276 3196 376 3255 asque
398 3180 436 3238 ad
459 3189 614 3239 mortem:
638 3198 734 3257 quam
758 3180 854 3239 etiam
878 3180 975 3256 longe
998 3188 1067 3239 ante

315 3277 455 3336 Domino
467 3278 633 3338 revelante
645 3279 876 3355 praesciverat.
900 3277 985 3336 Nam
997 3292 1066 3336 cum

312 3375 443 3451 quidam
476 3375 649 3451 religiosus
682 3377 770 3453 prior
801 3378 839 3436 ab
871 3392 910 3435 ea
941 3375 1068 3434 deman·

312 3472 406 3531 datus
434 3473 473 3531 ad
502 3489 573 3532 eam
596 3475 761 3549 venisset,
790 3473 917 3534 scilicet
944 3472 977 3532 in
1000 3488 1066 3548 pro·

313 3571 396 3629 festo
419 3571 591 3630 cathedrae
610 3572 713 3632 sancti
732 3571 831 3646 Petri,
853 3571 970 3630 eodem
986 3584 1065 3630 anno

276 3685 376 3743 mquo
406 3669 501 3744 obiit3
530 3669 631 3728 altera
660 3669 712 3729 die
742 3686 870 3728 summo
900 3686 996 3728 mane
1018 3667 1065 3726 ad·

313 3765 456 3824 monitus
472 3775 521 3826 est
537 3766 623 3826 idem
639 3767 729 3842 prior
744 3784 762 3825 a
777 3766 910 3826 domino
928 3767 1065 3826 iohanne

675 3871 716 3911 aaa
