2692 4659
237 684 564 737 ffiffiffiffiffl
582 682 660 724 xxvll
680 682 1001 735 fflfflfflffi'ssffi

241 817 268 877 si
293 818 402 893 placet
422 816 572 878 audiatis.
603 816 736 878 Corona
759 824 808 875 est
830 832 1000 875 ornamen-

241 924 313 974 tum
336 914 451 990 capitis
472 922 504 973 et
527 912 686 973 maximae
709 912 889 988 dignitatis:
918 930 1001 989 quae

241 1011 431 1088 specialiter
446 1010 583 1071 debetur
601 1010 733 1087 regibus
749 1020 781 1070 et
796 1027 908 1085 regum
926 1010 1001 1069 liliis

240 1128 279 1169 ac
311 1108 439 1169 filiabus
467 1110 508 1169 ob
537 1108 739 1168 nobilitatem
767 1107 917 1183 generis3
948 1116 1002 1167 aut

242 1207 342 1267 etiam
354 1204 517 1282 aliquibus
528 1204 654 1281 maguis
665 1204 860 1281 personisin
872 1205 1024 1280 signums

243 1303 419 1378 victoriae,
448 1312 502 1362 aut
523 1301 707 1376 doctrinae,
729 1309 783 1361 aut
805 1301 1002 1361 sanctitatis:

243 1418 306 1461 seu
335 1399 474 1460 eximiae
502 1398 642 1459 virtutis.
689 1398 783 1459 Vnde
812 1398 852 1458 de
881 1398 1003 1459 sanctis

243 1498 444 1575 martyribus
459 1497 646 1573 specialiter
667 1496 785 1573 legitur
800 1506 833 1556 et
847 1506 1003 1557 cantatur.

244 1598 381 1659 Corona
400 1613 498 1656 aurea
512 1612 613 1672 super
627 1605 723 1671 caput
738 1596 825 1656 eius:
848 1612 1004 1671 expressa

244 1695 341 1771 signo
357 1693 546 1754 sanctitatis.
576 1692 640 1753 Sed
656 1692 731 1769 quis
749 1693 847 1753 huius
863 1710 1003 1753 coronae
1015 1713 1039 1753 ro

244 1792 523 1870 pulchritudinem
535 1792 631 1868 digne
644 1791 833 1851 enarrabit?
855 1790 1003 1851 Aestimo

244 1892 334 1968 quod
357 1907 453 1950 nemo
475 1890 660 1950 mortalium
683 1889 768 1949 scire
790 1888 918 1965 poterit,
940 1889 1003 1949 nisi

245 1991 299 2051 cui
317 1991 410 2050 Deus
424 1991 486 2049 hoc
507 1988 700 2066 mysterium
717 1987 928 2048 revelaverit:
951 1998 1005 2048 aut

246 2090 321 2149 eius
342 2087 444 2164 gratia
464 2095 537 2163 post
559 2096 696 2147 mortem
721 2086 760 2146 ad
783 2102 918 2162 reguum
943 2085 1004 2145 Dei

245 2185 446 2263 pervenerit.
498 2185 563 2245 Ista
593 2201 691 2244 aurea
722 2201 842 2243 corona
873 2201 1040 2244 omnemrs

245 2282 371 2344 saeculi
404 2282 502 2342 huius
532 2281 667 2358 gloriam
698 2290 729 2341 et
758 2280 910 2340 decorem
940 2292 1004 2341 tam

245 2399 361 2459 regum
391 2396 487 2457 quam
518 2379 720 2455 principum,
750 2388 815 2438 tam
847 2378 1003 2438 nobilium

244 2496 343 2556 quam
361 2479 549 2554 praesulum
565 2476 678 2537 mitras
694 2477 838 2552 excedit3
854 2477 1004 2553 quianon

245 2579 287 2638 de
297 2586 428 2636 terrena
437 2575 571 2635 materia
583 2576 665 2634 facta
677 2584 742 2635 est:
758 2575 861 2635 sedin
873 2574 1005 2634 caelesti

248 2674 383 2735 officina
402 2690 421 2731 a
436 2673 506 2732 Deo
522 2681 641 2747 parata,
662 2689 748 2731 nova
762 2689 893 2747 semper
915 2672 1043 2731 clari-ao

247 2782 314 2833 tate
336 2771 486 2847 refulget.
523 2771 560 2830 Et
582 2769 660 2847 quid
683 2770 801 2829 melius
824 2779 855 2830 et
877 2770 1007 2846 dignius

246 2889 307 2948 pro
329 2879 441 2929 nostra
462 2868 693 2945 imaginatione
723 2886 781 2944 per
803 2870 886 2928 hanc
916 2886 1007 2928 coro-

246 2986 325 3030 nam
348 2968 539 3043 intellegere
561 2984 755 3043 possumus3
780 2984 875 3043 quam
900 2966 1007 3042 ipsum

249 3066 430 3128 Dominum
442 3075 589 3125 nostrum
602 3065 710 3125 Iesum
723 3064 893 3126 Christum
906 3073 1008 3125 aeter-

247 3182 312 3226 nae
341 3164 464 3241 gloriae
493 3164 709 3224 donatorem?
753 3164 826 3240 Ipse
848 3173 898 3223 est
920 3162 1044 3223 enimas

247 3262 426 3325 essentiale
449 3261 629 3338 praemium
659 3271 691 3322 et
713 3279 833 3322 corona
860 3261 1005 3321 omnium

248 3374 456 3423 sanctorum:
486 3359 681 3436 principium
711 3370 743 3421 et
766 3359 840 3419 linis
862 3360 1007 3419 omnium

248 3462 423 3521 bonorum.
467 3459 541 3535 lpse
560 3476 689 3518 summa
711 3458 859 3533 felicitas,
881 3475 1010 3517 summa

248 3556 454 3619 iucunditas:
483 3573 612 3616 summa
632 3555 857 3632 pulchritudo,
881 3573 1009 3616 summa

248 3654 405 3717 suavitas.
441 3654 515 3730 lpse
530 3662 662 3713 aeterna
677 3653 798 3713 veritas
813 3662 944 3714 aeterna
959 3671 1045 3715 sa·ao

248 3754 389 3831 pientia:
405 3761 538 3814 aeterna
550 3752 688 3828 bonitas,
704 3760 835 3812 aeterna
846 3752 1008 3812 maiestas.

609 3858 651 3900 ara
