2692 4659
576 708 743 761 Epiiegomenu.

281 850 316 900 ut
345 841 377 900 in
402 842 515 901 Monte
544 841 575 902 S.
598 840 736 918 Agnetis
765 841 805 900 ab
833 840 962 917 aliquo,
988 839 1037 916 qui

281 922 352 997 ipse
374 921 510 996 viderat,
532 922 653 997 scripta
674 938 750 981 esse
766 921 836 981 veri
860 920 970 981 simile
985 931 1038 995 est,

281 1002 324 1061 ita
340 1002 540 1063 Clockerum
564 1002 597 1062 in
613 1001 749 1062 Batavia
763 1019 920 1077 umquam
941 1001 1037 1061 fuisse

280 1099 487 1158 nequaquam
517 1083 684 1158 probabile
709 1092 775 1157 est3
804 1091 872 1142 tota
901 1082 1037 1159 denique

281 1163 356 1223 Vita
377 1163 551 1238 Lidewigis
573 1161 741 1223 codicisO
762 1179 802 1221 ex
825 1162 897 1238 ipso
913 1163 965 1222 Ar
990 1163 1037 1222 de·

181 1283 185 1288 -
280 1243 410 1319 scripta.
445 1243 543 1320 Quod
560 1244 604 1303 ita
619 1261 694 1303 esse
710 1253 745 1303 ut
760 1243 903 1317 credam,
926 1242 1036 1302 iisdem

280 1323 461 1384 rationibus
482 1341 628 1398 moveor,
650 1324 770 1400 quibus
792 1324 825 1383 in
845 1324 879 1383 N
886 1328 900 1382 1
912 1340 925 1393 ;
947 1324 1037 1400 eique

280 1404 462 1464 sententiae
485 1421 559 1463 cum
582 1403 664 1464 nihil
688 1405 793 1463 obstat
820 1403 1037 1477 dubitationis,

279 1493 347 1543 tum
380 1495 582 1545 momentum
619 1484 696 1544 facit
730 1483 908 1560 singularis
945 1501 1036 1560 saepe

280 1565 365 1625 inter
386 1565 437 1624 Ar
463 1576 494 1625 et
518 1563 545 1625 Ο
566 1582 760 1625 consensus.
802 1564 910 1625 Cuius
934 1575 1036 1625 tamen

280 1645 533 1721 proprietatibus
555 1644 805 1719 enumerandis,
828 1645 905 1721 quia
928 1662 1036 1722 parum

280 1726 318 1785 ad
350 1743 419 1785 rem
451 1726 616 1801 pertinere
645 1726 834 1799 videantur,
867 1742 907 1785 eo
941 1725 1036 1802 magis

279 1823 377 1881 posse
393 1806 602 1881 supersederi
619 1822 752 1880 censeo,
772 1822 846 1866 cum
863 1806 1036 1866 universus

281 1885 308 1947 Ο
328 1887 437 1946 minus
460 1896 620 1961 accurate,
642 1903 739 1962 quam
756 1886 788 1945 N
795 1890 809 1944 1
830 1896 863 1946 et
879 1887 1036 1947 editiones

279 1966 348 2028 PrS
367 2002 406 2007 —
428 1984 503 2027 narn
526 1968 587 2027 hae
609 1984 741 2044 quoque
763 1965 909 2026 indidem
933 1984 1036 2028 mana·

278 2057 397 2107 verunt
418 2048 505 2124 quod
529 2057 638 2107 tamen
668 2049 895 2107 demonstrare
925 2048 980 2108 hic
1009 2057 1036 2107 et

279 2129 411 2204 longum
441 2138 491 2188 est
517 2145 625 2205 neque
654 2128 769 2187 attinet
791 2162 826 2170 -
851 2145 893 2187 ex
915 2129 968 2188 Ar
999 2127 1036 2187 sit

279 2225 466 2283 expressus.
483 2209 633 2284 Namque
641 2226 708 2268 non
717 2208 1035 2283 computatiserrori-

278 2289 340 2348 bus
360 2305 450 2348 mere
473 2288 732 2365 orthographicis
749 2288 1034 2365 distinguendique

279 2369 365 2428 notis
381 2370 419 2427 ab
434 2369 484 2428 Ar
505 2369 708 2444 discrepat-N
716 2373 728 2426 1
741 2369 822 2428 locis
838 2386 898 2444 per
909 2368 1035 2430 Sermo·

280 2466 338 2507 nes
353 2453 423 2524 212,
445 2448 556 2524 8238,
578 2450 620 2509 Pr
637 2453 707 2523 243,
731 2447 846 2509 0429.
891 2449 958 2510 Sed
980 2449 1035 2509 tria

279 2540 386 2588 tamen
403 2530 455 2589 hic
468 2530 586 2589 addere
598 2530 713 2605 placet,
729 2547 841 2604 unum,
857 2529 891 2588 in
904 2529 931 2590 0
942 2546 1034 2606 saepe

278 2611 393 2684 verba,
422 2627 505 2686 quae
534 2610 665 2669 librario
695 2626 941 2685 supervacanea
966 2626 1034 2671 esse

279 2691 478 2765 viderentur,
493 2691 643 2750 consulto
654 2691 777 2749 omissa
788 2707 874 2765 esse,
890 2692 1034 2762 alterum,

277 2773 354 2845 273,
382 2788 394 2828 7
425 2781 498 2846 post
526 2770 626 2829 Amen
658 2771 839 2830 inculcatos
871 2788 948 2832 esse
980 2773 1034 2831 hos

278 2852 423 2927 quinque
445 2868 573 2926 versus
595 2868 679 2927 quos
702 2851 841 2911 dicimus
864 2851 1034 2923 Leoninos

278 2948 416 3007 quorum
452 2932 577 2991 litterae
608 2932 732 3007 primae
763 2932 865 2991 minio
898 2933 1033 3009 scriptae

278 3023 370 3071 sunt:

318 3099 429 3176 Agnes
452 3118 549 3160 exora
571 3118 629 3177 pro
656 3100 751 3161 nobis
777 3102 869 3177 virgo
890 3107 901 3173 Η
922 3104 1033 3162 decora

318 3187 459 3248 Gemma
488 3199 522 3249 tu
551 3208 678 3270 morum
709 3190 769 3249 ilos
791 3195 802 3261 Η
826 3190 955 3251 florum.
984 3193 1031 3250 lux

277 3285 340 3344 que
363 3271 512 3344 polorum

318 3358 449 3434 Protige
478 3360 552 3435 (sic)
581 3358 771 3428 coni'serua.
807 3360 947 3421 benedic
978 3375 1031 3420 nos

276 3448 373 3514 atquc
394 3441 566 3515 gubernati

317 3528 367 3587 Ne
391 3546 451 3588 nos
481 3530 610 3589 inierna
633 3530 768 3605 rapiant.
798 3531 856 3590 sed
882 3532 944 3591 celi
960 3536 971 3603 li
986 3545 1029 3590 ca·

274 3617 367 3666 terua

275 3695 366 3834 AAd
397 3699 458 3847 Ueli
491 3710 581 3774 prata
612 3699 916 3775 perducatiimorte
945 3702 1028 3760 beata

306 3794 381 3836 men

634 3883 675 3924 488
