2692 4659
365 676 526 729 mm
543 676 611 720 vnn
627 677 790 721 troavrcls
806 679 944 723 vrnonvrs
961 681 1117 734 mm
1158 664 1164 715 t

367 811 569 872 sanctitatem
585 812 657 872 eius
672 823 868 888 spreverunt
883 830 971 874 eam:
988 824 1021 874 et
1035 815 1118 875 velut
1158 814 1164 854 ἓ

367 919 529 969 amentem
553 919 741 986 reputantes
756 910 942 971 deriserunt
964 913 1117 973 mentales
1157 895 1164 953 3

368 1016 479 1082 raptus
500 1007 598 1068 illius.
627 1006 718 1069 Tunc
740 1009 910 1085 impletum
934 1019 985 1071 est
1007 1010 1048 1071 de
1069 1028 1117 1071 ea:
1157 1023 1164 1048 ··

369 1105 455 1181 quod
477 1122 536 1181 per
556 1105 686 1166 beatum
711 1106 766 1165 lob
789 1105 915 1183 legitur.
948 1108 1117 1168 Deridetur
1157 1090 1164 1161 ἓ

346 1203 456 1263 senim
488 1202 563 1262 iusti
596 1203 804 1280 simplicitas:
833 1216 865 1265 et
893 1205 1019 1282 lampas
1049 1223 1117 1267 con·
1157 1189 1164 1244 :'

368 1309 490 1377 tempta
515 1300 600 1377 apud
623 1302 837 1378 cogitationes
858 1302 1009 1363 divitum.

371 1504 629 1566 noviomus
659 1506 755 1567 orvs
785 1505 836 1566 ar
864 1506 1117 1569 chrnnma
1158 1484 1164 1540 ¹

459 1601 642 1664 corvum
665 1602 1036 1666 sonuoualvrmn.
1159 1599 1164 1638 ³

620 1752 826 1802 CAPITVLVM
845 1753 874 1802 Χ.

337 1829 607 2048 affluebsse
633 1889 728 1949 valde
756 1898 788 1949 et
812 1890 903 1966 quasi
934 1890 1120 1950 incredibile
1161 1895 1164 1934 :

516 1986 626 2046 multis
654 1986 800 2063 videtur,
830 1988 994 2063 quomodo
1022 1987 1121 2063 potuit
1162 1992 1164 2002 ¹

370 2084 403 2143 in
433 2093 479 2144 tot
509 2083 625 2160 poenis
656 2093 688 2144 et
716 2084 860 2145 miseriis
890 2103 966 2146 caro
998 2085 1122 2146 infirma

371 2182 503 2242 durare:
526 2199 609 2260 quae
638 2199 699 2242 nec
721 2183 794 2243 cibo
822 2200 883 2243 nec
911 2193 989 2259 potu
1018 2201 1122 2261 neque

371 2296 487 2339 somno
510 2288 597 2340 tanto
619 2289 766 2356 tempore
797 2281 975 2341 fovebatur.
1012 2281 1076 2342 Sed
1098 2280 1122 2341 si

338 2401 362 2441 ιε
372 2377 475 2437 virtus
497 2378 607 2438 divina
630 2378 816 2454 attenditur,
838 2395 921 2455 quae
943 2379 984 2439 de
1007 2378 1123 2455 impos·

371 2474 521 2535 sibilibus
543 2476 711 2551 possibilia
733 2477 825 2553 iacit3
853 2476 963 2537 omnia
985 2477 1124 2537 sufferre

371 2574 462 2650 virgo
489 2574 592 2650 potuit
614 2574 647 2634 in
669 2592 709 2634 eo
731 2576 785 2651 qui
816 2593 887 2634 eam
916 2575 1124 2636 confortavit:

372 2671 448 2748 quia
462 2672 549 2748 quod
571 2672 654 2732 ultra
669 2681 816 2733 naturam
833 2681 892 2748 est,
908 2674 980 2733 Deo
996 2683 1124 2733 auctore

372 2780 483 2830 natum
513 2780 572 2830 est.
608 2769 723 2831 Testes
753 2781 829 2831 sunt
850 2770 943 2831 multi
966 2781 1123 2849 martyres

336 2877 405 2930 anet
419 2867 564 2944 virgines
587 2867 726 2927 liammis
748 2867 876 2943 iniecti;
898 2867 954 2943 qui
971 2867 1043 2927 Deo
1066 2866 1125 2925 dis·

373 2975 515 3041 ponente
538 2976 570 3025 et
585 2974 775 3041 protegente
797 2982 862 3025 non
886 2964 994 3025 solum
1017 2965 1051 3024 in
1067 2974 1125 3024 tor·

373 3062 493 3123 mentis
515 3063 599 3123 bene
629 3062 807 3139 patientes,
838 3062 896 3122 sed
928 3061 1025 3122 etiam
1054 3080 1125 3139 gau-

373 3162 489 3221 dentes
510 3160 634 3222 inventi
657 3169 750 3221 sunt:
773 3170 805 3220 et
819 3160 906 3237 quod
922 3160 1064 3236 amplius
1079 3171 1126 3220 est

374 3257 459 3317 inter
472 3259 609 3318 verbera
629 3258 754 3335 gladios
777 3268 808 3318 et
823 3258 915 3334 ignes
938 3267 1127 3318 manserunt

337 3355 488 3422 25illaesi.
525 3357 599 3416 Non
622 3367 672 3416 est
694 3374 770 3433 ergo
799 3354 985 3416 abbreviata
1013 3372 1127 3415 manus

375 3454 525 3529 Domini,
554 3472 661 3531 neque
684 3454 872 3514 bracchium
895 3452 1128 3529 omnipotentis

374 3552 552 3612 invalidum
573 3553 612 3613 ad
627 3552 818 3612 salvandum
841 3559 1014 3627 sperantes
1029 3551 1062 3611 in
1078 3568 1129 3611 se:

375 3651 433 3710 sed
456 3650 488 3710 in
511 3650 598 3710 omni
629 3650 700 3709 loco
729 3659 761 3710 et
782 3660 929 3725 tempore
957 3665 1061 3726 prope
1083 3660 1131 3709 est

377 3746 539 3806 Dominus
581 3746 809 3807 invocantibus
852 3756 883 3806 ct
920 3746 1132 3824 diligentibus

732 3851 773 3893 342
