2692 4659
274 790 468 867 pudicitiam
491 791 682 868 virginalem
713 793 890 854 defendere
917 794 1035 855 nitens.

277 889 453 965 lndignum
470 889 589 966 quippe
606 889 784 950 iudicabat:
800 891 885 967 quod
901 892 1036 952 abscon·

276 988 379 1048 ditam
392 987 517 1048 Christi
533 988 737 1064 margaritam
750 988 834 1048 oculi
848 989 1036 1064 carnalium,

275 1084 399 1144 nudam
423 1084 570 1160 aspicere
593 1085 759 1145 deberent.
791 1084 881 1146 Tunc
904 1086 1034 1163 maligni

275 1182 325 1241 illi
349 1183 507 1243 satellites
536 1183 718 1242 honestatis
746 1182 853 1257 obliti,
883 1185 966 1243 hanc
988 1184 1058 1243 iu-s

276 1279 451 1338 venculam
474 1279 694 1340 irreverenter
716 1280 890 1357 arripiunt3
913 1291 944 1341 et
966 1299 1035 1341 asc

276 1375 478 1451 proicientes
500 1377 539 1436 ad
561 1378 740 1437 scabellum
763 1378 873 1438 altaris
894 1378 1035 1455 graviter

276 1474 431 1534 allidunt:
454 1474 626 1533 intantum
643 1475 729 1552 quod
752 1475 784 1535 in
807 1476 930 1535 femore
952 1485 1035 1535 atro-

276 1571 413 1631 cissime
436 1572 537 1647 laesa,
566 1589 671 1649 usque
694 1572 732 1631 ad
755 1582 892 1632 mortem
916 1573 1035 1632 claudi·

277 1677 377 1728 caret.
407 1669 471 1729 Sed
482 1686 543 1728 nec
559 1668 611 1728 his
626 1670 720 1729 malis
732 1669 892 1729 violenter
903 1670 1034 1745 patratis
1046 1689 1071 1731 ro

277 1767 441 1828 contenti:
464 1768 503 1827 ad
517 1767 665 1843 graviora
688 1777 719 1827 et
739 1768 948 1828 sceleratiora
962 1786 1034 1844 pro·

277 1876 444 1941 rumpunt.
475 1864 557 1924 Nam
580 1874 724 1924 sanctam
749 1875 780 1925 et
802 1864 1034 1924 incontamina-

276 1974 341 2022 tam
360 1961 566 2022 fornicariam
583 1962 692 2022 dicere
703 1963 774 2022 ausi
786 1973 875 2023 sunt:
891 1962 1032 2021 sobriam

278 2071 311 2120 et
332 2060 406 2119 sine
428 2059 501 2119 cibo
523 2060 706 2134 viventem,
733 2061 902 2121 nocturnis
924 2061 1033 2121 convi-

277 2156 342 2217 viis
364 2167 532 2217 vacantem
561 2157 761 2235 garriebant3
783 2176 920 2236 quorum
949 2177 1034 2220 unus
1045 2182 1070 2224 ιε

279 2256 333 2334 qui
358 2256 469 2315 lumen
491 2257 621 2316 tenebat
642 2256 778 2315 bestiam
802 2274 872 2316 eam
896 2258 1034 2334 appella·

278 2356 348 2414 hat:
372 2371 468 2429 quam
492 2363 580 2414 certe
609 2355 745 2431 angelus
767 2365 900 2415 sanctus
922 2343 1047 2416 custos

278 2452 349 2512 eius
386 2451 418 2510 in
448 2451 633 2527 paradisum
670 2469 768 2527 saepe
804 2453 967 2512 transtulit
1002 2463 1034 2513 et

278 2550 424 2609 ducebat.
457 2549 546 2608 Inter
561 2550 641 2608 haec
665 2559 728 2609 tam
753 2550 853 2609 multa
875 2561 906 2611 et
922 2562 1033 2611 contu·

279 2648 414 2707 meliosa
436 2648 535 2706 verba
563 2648 602 2706 ab
632 2645 741 2722 impiis
764 2647 862 2723 dicta,
890 2648 1069 2711 adiciuntao

279 2744 495 2821 ignominiosa
518 2745 610 2819 lacta,
637 2746 789 2804 humanis
812 2746 916 2805 oculis
938 2763 1032 2821 pave·

279 2844 407 2903 scenda.
441 2843 522 2903 Nam
539 2843 627 2902 omni
644 2844 814 2902 honestate
831 2853 963 2917 remota,
979 2844 1033 2903 de·

278 2940 374 3000 bilem
391 2940 551 3016 virginem
575 2949 707 3015 propter
729 2940 938 3016 hydropicam
962 2958 1033 3015 pas·

279 3038 422 3112 sionem,
465 3047 496 3097 et
532 3037 565 3097 in
601 3038 777 3113 superficie
818 3038 902 3097 cutis
938 3039 1032 3098 valde

278 3143 473 3195 tumentem:
496 3136 628 3210 pollutis
652 3136 803 3196 manibus
826 3135 895 3195 suis
917 3145 1068 3200 auree-25

277 3241 379 3293 tantes
403 3242 436 3292 et
457 3241 655 3309 pungentes,
678 3232 710 3292 in
734 3233 837 3292 tribus
859 3233 941 3292 locis
962 3233 1031 3292 vul-

277 3340 489 3405 neraverunt3
501 3329 668 3407 exquibus
680 3331 812 3407 sanguis
823 3340 887 3390 tam
900 3332 1031 3407 copiose

278 3427 438 3502 profluxit,
459 3428 545 3503 quod
568 3430 735 3504 oportebat
758 3437 922 3488 recentem
939 3447 1032 3489 cruo-

278 3542 342 3585 rem
360 3526 400 3585 de
416 3525 535 3584 lectulo
552 3543 624 3585 cum
642 3526 728 3601 pelvi
749 3525 923 3585 exhauriri.
955 3526 1031 3603 Quo

277 3624 401 3683 scelere
429 3623 582 3683 audacter
610 3632 812 3699 perpetrato,
841 3624 964 3699 egressi
988 3624 1067 3690 la·30

276 3731 391 3780 verunt
412 3738 528 3780 manus
550 3738 627 3780 suas
647 3721 838 3797 asanguine
861 3737 957 3797 quem
982 3720 1029 3780 fu-

631 3826 668 3866 aar
