2692 4659
241 665 1002 719 OEffiffifflfflfflfflfflw

244 798 495 875 Supponebatur
525 809 632 860 autem
669 799 746 859 huic
776 801 902 861 vulneri
935 818 1000 860 em·

242 898 401 973 plastrum
433 897 474 958 de
505 898 627 958 recenti
661 898 765 958 farina
796 899 892 960 tritici
925 916 998 959 cum

242 995 341 1054 melle
364 996 578 1072 permixtum3
600 1005 635 1056 ut
656 1014 696 1056 ex
716 997 771 1056 tali
794 997 1000 1057 confectione

243 1102 276 1152 et
291 1092 364 1152 aliis
378 1093 553 1170 pigmentis
564 1110 696 1154 vermes
712 1094 813 1154 innati
829 1104 1000 1172 sugerent:

242 1189 323 1249 alias
347 1190 435 1250 enim
458 1191 561 1267 ipsam
586 1208 691 1267 usque
714 1192 752 1251 ad
775 1201 913 1252 mortem
936 1201 1023 1252 tor-5

241 1288 376 1349 sissent.
408 1288 548 1365 Quando
577 1298 687 1348 autem
717 1289 904 1349 huiusmodi
934 1307 1000 1349 em-

242 1386 365 1462 plastra
380 1395 513 1462 propter
523 1385 736 1446 mutationem
752 1386 1000 1447 auferebantur:

240 1483 455 1543 remanebant
484 1483 516 1542 in
546 1484 595 1543 eis
623 1483 714 1559 parvi
743 1484 841 1560 grisei
869 1502 1000 1545 vermes

239 1597 316 1640 cum
340 1580 442 1657 nigris
465 1580 624 1656 capitibus
632 1598 641 1656 ;
663 1581 790 1641 nullum
813 1582 853 1641 de
873 1600 910 1642 se
934 1582 999 1643 foe-

239 1688 347 1738 torem
370 1677 577 1738 exhalantes:
599 1679 657 1738 sed
680 1680 873 1740 suavitatem
890 1681 1036 1742 odorisio

239 1776 446 1836 intuentibus
462 1777 663 1837 exhibentes
695 1779 769 1838 Erat
784 1777 892 1854 itaque
908 1777 999 1853 virgo

240 1874 356 1934 eadem
387 1891 426 1934 ex
453 1874 605 1935 diuturno
635 1885 667 1936 et
688 1876 777 1951 gravi
800 1875 937 1935 vulnere
966 1875 998 1933 in

239 1972 390 2032 inferiori
413 1982 502 2049 parte
524 1974 670 2049 corporis
693 1973 888 2049 putrefacta:
911 1981 942 2032 et
957 1989 999 2032 ne

239 2078 355 2130 sancta
385 2070 457 2129 eius
485 2070 613 2130 viscera
648 2071 778 2147 penitus
810 2071 999 2131 effluerent:

239 2167 332 2228 molli
355 2168 493 2244 quodam
516 2169 670 2244 operculo
695 2168 840 2228 foramen
863 2167 998 2227 infixum
1011 2189 1035 2231 15

239 2265 446 2325 obturabant.

282 2363 413 2424 Accidit
435 2373 511 2423 tunc
534 2365 692 2440 temporis
715 2375 749 2424 ut
766 2365 910 2424 famosus
933 2381 999 2424 me-

239 2461 337 2521 dicus
368 2460 462 2521 ducis
485 2462 681 2522 Hollandiae
713 2462 867 2538 magister
889 2460 999 2522 Gode-

240 2559 347 2619 fridus
370 2559 410 2619 de
434 2560 535 2636 Hagis
564 2578 638 2621 cum
663 2561 846 2638 Margareta
868 2561 999 2620 ducissa

239 2658 279 2717 ad
309 2660 394 2718 hanc
417 2658 576 2736 virginem
606 2677 705 2719 causa
727 2659 922 2719 visitationis
945 2676 1035 2719 ve·ao

238 2755 337 2829 niret,
359 2755 398 2815 ad
421 2757 687 2831 perscrutandam
710 2774 841 2817 causam
864 2756 999 2816 infirmi·

239 2864 343 2915 tatum
376 2854 464 2915 eius:
494 2865 655 2931 quatenus
678 2855 705 2915 si
729 2865 840 2931 posset
869 2854 998 2914 salubre

239 2952 423 3012 remedium
446 2953 563 3029 virgini
593 2952 771 3012 adhiberet.
809 2953 874 3030 Qui
904 2963 999 3029 prout

239 3050 345 3127 potuit
374 3060 407 3111 et
434 3050 559 3125 decuit,
581 3049 666 3110 visis'
692 3050 885 3126 quibusdam
918 3051 998 3110 inte-

239 3149 338 3209 stinis
351 3148 518 3209 viscerum
541 3147 670 3207 eiusde
686 3165 823 3225 corpore
846 3147 1035 3210 extractisas

239 3256 271 3307 et
286 3247 320 3306 in
337 3246 424 3322 pelvi
441 3245 598 3321 receptis3
620 3245 745 3306 invenit
761 3262 891 3305 vermes
906 3262 997 3321 prae·

192 3335 193 3372 ³
238 3343 347 3403 dictos
362 3360 402 3403 ex
418 3343 599 3419 putrefacta
620 3342 764 3402 medulla
779 3342 893 3418 spinae
909 3341 996 3401 dorsi

239 3442 313 3502 eius
336 3441 491 3501 effluere:
521 3451 553 3500 et
574 3440 701 3501 causari
725 3439 997 3516 putrefactionem

238 3540 329 3599 illam
346 3538 467 3599 iudicio
483 3538 631 3613 naturali,
647 3555 686 3597 eo
702 3538 787 3613 quod
805 3536 894 3596 nullo
910 3534 997 3595 salso

238 3646 397 3697 uteretur.
430 3635 505 3712 Quo
522 3635 605 3696 facto
622 3635 737 3695 videns
760 3651 877 3694 senon
900 3650 1034 3710 posseao

238 3734 268 3795 ei
302 3734 338 3794 in
369 3733 478 3811 aliquo
510 3732 686 3809 proficere:
717 3732 813 3792 iussit
844 3730 998 3791 intestina

600 3838 641 3879 aaa
