2692 4659
273 668 1031 732 ππηρωιιεωπωρηθ

274 811 440 888 periculo:
462 830 558 889 quam
581 811 622 872 de
643 812 793 888 propriae
820 811 1032 890 aegritudinis

276 909 415 986 flagello.

255 1079 259 1087 Ι
317 1007 467 1084 Quadam
500 1007 599 1085 igitur
620 1008 693 1068 vice
725 1008 757 1067 in
781 1008 891 1085 vigilia
921 1017 1032 1084 pente-

276 1115 386 1166 costes
409 1122 563 1182 egressus
586 1116 620 1166 ut
642 1106 768 1167 audiret
783 1123 956 1181 vesperas:
978 1105 1032 1165 ob·

272 1203 364 1263 vium
387 1202 499 1263 habuit
520 1203 683 1263 diabolum
708 1204 741 1263 in
757 1204 868 1279 specie
889 1202 1056 1264 hominiss

275 1300 338 1361 sibi
368 1300 436 1361 noti
466 1300 668 1376 apparentis,
698 1311 794 1377 prout
823 1300 923 1360 aforis
945 1300 1034 1361 vide-

275 1398 380 1458 batur.
423 1396 489 1473 Qui
522 1396 674 1472 decipere
706 1396 888 1473 simplicem
917 1399 1033 1459 volens

275 1493 427 1554 invitavit
462 1504 497 1554 ut
531 1494 699 1570 paululum
744 1505 834 1555 extra
869 1496 1032 1557 civitatem

275 1592 399 1669 pariter
420 1592 504 1653 irent
526 1592 716 1669 spatiatum:
738 1593 830 1670 quasi
854 1594 933 1655 satis
955 1603 1034 1654 tem-

276 1689 406 1768 pestive
435 1690 578 1750 redirent
606 1690 645 1749 ad
668 1692 780 1750 horam
803 1690 1070 1767 vespertinamlo

277 1789 433 1865 Cumque
455 1788 511 1848 ille
534 1787 688 1864 ignorans
699 1789 785 1865 quod
802 1798 930 1849 satanas
946 1798 1035 1849 esset

277 1896 311 1947 et
332 1885 482 1946 suadenti
513 1886 730 1947 consentiret:
752 1896 915 1947 venerunt
936 1886 1034 1946 simul

277 1994 370 2045 extra
384 1992 508 2059 portam
525 1983 664 2044 civitatis
687 1984 725 2043 ad
749 1984 856 2044 locum
877 1984 1034 2043 Damlaen

277 2082 492 2142 nominatum.
535 2081 613 2140 Mox
635 2082 774 2141 daemon
805 2081 927 2142 fraudis
956 2099 1035 2141 suae

278 2179 443 2256 nequitias
478 2178 647 2254 aperiens,
689 2179 796 2240 subito
831 2179 864 2238 in
902 2179 1034 2239 Petrum
1046 2191 1070 2231 1⁵

278 2277 389 2338 irruit:
412 2287 444 2337 et
466 2276 537 2352 ipso
559 2292 620 2335 nec
635 2276 767 2336 vidente
789 2293 850 2335 nec
873 2276 1034 2336 sentiente

277 2378 312 2437 in
330 2376 451 2435 fossam
475 2372 611 2450 proiecit
633 2382 665 2433 et
681 2372 848 2449 disparuit.
874 2373 937 2433 Vbi
960 2391 1033 2433 cum

276 2473 380 2550 mergi
417 2472 576 2548 inciperet
613 2480 644 2531 ct
675 2470 730 2547 qui
767 2470 934 2532 adiuvaret
969 2490 1034 2532 non

276 2573 426 2647 adesset3
448 2570 558 2630 divina
579 2568 784 2645 providentia
798 2568 929 2644 quidam
952 2570 1035 2630 auri-

276 2670 388 2747 garius
410 2668 472 2728 sibi
494 2679 592 2729 notus
614 2678 742 2744 praeter
764 2668 1071 2729 consuetudinemao

277 2783 371 2827 suam
408 2767 521 2826 eadem
552 2766 605 2825 via
639 2782 713 2825 cum
750 2782 847 2825 curru
884 2766 924 2825 de
960 2783 1035 2842 agro

276 2864 378 2939 venit,
407 2864 528 2924 intrare
550 2863 665 2923 volens
688 2863 868 2924 civitatem:
891 2863 1036 2940 viditque

279 2962 413 3022 Petrum
443 2961 477 3022 in
507 2961 596 3020 fossa
625 2960 803 3035 iacentem,
833 2971 864 3022 et
891 2961 923 3021 in
946 2961 1036 3021 nullo

278 3076 316 3119 se
339 3058 446 3135 ipsum
476 3058 588 3118 iuvare
610 3059 785 3120 valentem.
821 3060 887 3137 Qui
911 3059 1037 3120 miseri-

278 3156 390 3216 cordia
422 3165 529 3215 motus
561 3156 668 3217 statim
701 3157 793 3217 illum
817 3157 857 3217 de
887 3158 954 3218 luto
983 3169 1073 3217 εὶς-25

277 3255 390 3316 traxit:
419 3263 451 3314 et
480 3254 590 3314 currui
619 3272 680 3315 suo
709 3256 834 3315 laesum
864 3256 1037 3332 imponens

277 3353 317 3412 ad
340 3352 504 3412 civitatem
534 3353 660 3412 salvum
684 3352 817 3413 revexit.
857 3352 1037 3427 Statimque

278 3467 392 3510 rumor
415 3448 516 3509 falsus
538 3448 704 3525 inopinate
727 3467 823 3509 aures
845 3459 1036 3510 cunctorum

278 3546 417 3607 invasit:
433 3546 525 3623 quasi
544 3546 660 3606 Petrus
682 3547 875 3606 submersus
898 3556 986 3606 esset
1005 3556 1038 3607 et

278 3654 438 3704 mortuus.
471 3644 565 3721 Quae
588 3661 641 3703 res
663 3661 760 3704 aures
790 3644 875 3704 filiae
902 3661 981 3704 suae
1003 3644 1073 3703 ineo

279 3752 404 3803 tantum
421 3740 640 3802 contristavit:
656 3741 743 3816 quod
765 3751 878 3817 postea
900 3741 1035 3801 eandem

639 3844 680 3887 347
