<?xml version="1.0" encoding="UTF-8"?>
<!DOCTYPE html PUBLIC "-//W3C//DTD XHTML 1.0 Transitional//EN"
    "http://www.w3.org/TR/xhtml1/DTD/xhtml1-transitional.dtd">
<html xmlns="http://www.w3.org/1999/xhtml" xml:lang="en" lang="en">
 <head>
  <title>
</title>
<meta http-equiv="Content-Type" content="text/html;charset=utf-8" />
  <meta name='ocr-system' content='tesseract 3.04.00' />
  <meta name='ocr-capabilities' content='ocr_page ocr_carea ocr_par ocr_line ocrx_word'/>
</head>
<body>
  <div class='ocr_page' id='page_1' title='image "./thomaehemerkena00pohlgoog_0396.png"; bbox 0 0 2692 4659; ppageno 0'>
   <div class='ocr_carea' id='block_1_1' title="bbox 362 698 1119 753">
    <p class='ocr_par' dir='ltr' id='par_1_1' title="bbox 362 698 1119 753">
     <span class='ocr_line' id='line_1_1' title="bbox 362 698 1119 753; baseline -0.009 -8"><span class='ocrx_word' id='word_1_1' title='bbox 362 699 523 753; x_wconf 56' lang='lat' dir='ltr'>&amp;mm</span> <span class='ocrx_word' id='word_1_2' title='bbox 542 699 610 742; x_wconf 75' lang='lat' dir='ltr'>viru</span> <span class='ocrx_word' id='word_1_3' title='bbox 626 698 792 742; x_wconf 77' lang='lat' dir='ltr'>LfflEWlGls</span> <span class='ocrx_word' id='word_1_4' title='bbox 808 698 946 742; x_wconf 78' lang='lat' dir='ltr'>V1RG1N18</span> <span class='ocrx_word' id='word_1_5' title='bbox 963 698 1119 753; x_wconf 49' lang='lat' dir='ltr'>[pamm</span> 
     </span>
    </p>
   </div>
   <div class='ocr_carea' id='block_1_2' title="bbox 373 902 1110 1064">
    <p class='ocr_par' dir='ltr' id='par_1_2' title="bbox 373 902 1110 1064">
     <span class='ocr_line' id='line_1_2' title="bbox 374 902 1108 981; baseline 0 -18"><span class='ocrx_word' id='word_1_6' title='bbox 374 905 430 963; x_wconf 88' lang='lat' dir='ltr'>DE</span> <span class='ocrx_word' id='word_1_7' title='bbox 452 903 593 967; x_wconf 75' lang='lat' dir='ltr'>VIRGA</span> <span class='ocrx_word' id='word_1_8' title='bbox 616 902 892 967; x_wconf 79' lang='lat' dir='ltr'>CYPREsslmn</span> <span class='ocrx_word' id='word_1_9' title='bbox 916 903 1050 981; x_wconf 79' lang='lat' dir='ltr'>Qvnm</span> <span class='ocrx_word' id='word_1_10' title='bbox 1074 904 1108 964; x_wconf 91' lang='lat' dir='ltr'>El</span> 
     </span>
     <span class='ocr_line' id='line_1_3' title="bbox 373 999 1110 1064; baseline -0.003 -2"><span class='ocrx_word' id='word_1_11' title='bbox 373 1001 579 1064; x_wconf 73' lang='lat' dir='ltr'>ANGELvs</span> <span class='ocrx_word' id='word_1_12' title='bbox 600 999 784 1062; x_wconf 74' lang='lat' dir='ltr'>ATTVLIT</span> <span class='ocrx_word' id='word_1_13' title='bbox 800 1001 857 1060; x_wconf 88' lang='lat' dir='ltr'>DE</span> <span class='ocrx_word' id='word_1_14' title='bbox 879 999 1110 1063; x_wconf 78' lang='lat' dir='ltr'><strong>PARADISO.</strong></span> 
     </span>
    </p>
   </div>
   <div class='ocr_carea' id='block_1_3' title="bbox 613 1138 869 1218">
    <p class='ocr_par' dir='ltr' id='par_1_3' title="bbox 613 1138 869 1218">
     <span class='ocr_line' id='line_1_4' title="bbox 613 1138 869 1218; baseline -0.012 0"><span class='ocrx_word' id='word_1_15' title='bbox 613 1138 819 1218; x_wconf 76' lang='lat' dir='ltr'>cirrrvuvm</span> <span class='ocrx_word' id='word_1_16' title='bbox 838 1168 869 1216; x_wconf 90' lang='grc' dir='ltr'>ν.</span> 
     </span>
    </p>
   </div>
   <div class='ocr_carea' id='block_1_4' title="bbox 340 1260 1114 1497">
    <p class='ocr_par' dir='ltr' id='par_1_4' title="bbox 340 1260 1114 1497">
     <span class='ocr_line' id='line_1_5' title="bbox 361 1260 1114 1477; baseline -0.007 -94"><span class='ocrx_word' id='word_1_17' title='bbox 361 1260 575 1477; x_wconf 42' lang='lat' dir='ltr'>ffllbuit</span> <span class='ocrx_word' id='word_1_18' title='bbox 597 1323 678 1382; x_wconf 89' lang='lat' dir='ltr'>haec</span> <span class='ocrx_word' id='word_1_19' title='bbox 700 1321 791 1398; x_wconf 88' lang='lat' dir='ltr'>virgo</span> <span class='ocrx_word' id='word_1_20' title='bbox 820 1320 1023 1381; x_wconf 85' lang='lat' dir='ltr'>infirmitatis</span> <span class='ocrx_word' id='word_1_21' title='bbox 1045 1337 1114 1381; x_wconf 87' lang='lat' dir='ltr'>suae</span> 
     </span>
     <span class='ocr_line' id='line_1_6' title="bbox 340 1384 1114 1497; baseline 0.003 -22"><span class='ocrx_word' id='word_1_22' title='bbox 340 1435 354 1475; x_wconf 88' lang='lat'>5</span> <span class='ocrx_word' id='word_1_23' title='bbox 462 1384 472 1467; x_wconf 62' lang='lat' dir='ltr'>i</span> <span class='ocrx_word' id='word_1_24' title='bbox 500 1430 647 1497; x_wconf 91' lang='lat' dir='ltr'>tempore</span> <span class='ocrx_word' id='word_1_25' title='bbox 683 1420 844 1497; x_wconf 88' lang='lat' dir='ltr'>quandam</span> <span class='ocrx_word' id='word_1_26' title='bbox 880 1418 1041 1495; x_wconf 84' lang='lat' dir='ltr'>virgulam</span> <span class='ocrx_word' id='word_1_27' title='bbox 1081 1418 1114 1477; x_wconf 89' lang='lat' dir='ltr'>de</span> 
     </span>
    </p>
   </div>
   <div class='ocr_carea' id='block_1_5' title="bbox 363 1517 1113 1594">
    <p class='ocr_par' dir='ltr' id='par_1_5' title="bbox 363 1517 1113 1594">
     <span class='ocr_line' id='line_1_7' title="bbox 363 1517 1113 1594; baseline -0.001 -18"><span class='ocrx_word' id='word_1_28' title='bbox 363 1518 482 1593; x_wconf 87' lang='lat' dir='ltr'>stipula</span> <span class='ocrx_word' id='word_1_29' title='bbox 504 1517 630 1594; x_wconf 87' lang='lat' dir='ltr'>canopi,</span> <span class='ocrx_word' id='word_1_30' title='bbox 652 1535 710 1593; x_wconf 91' lang='lat' dir='ltr'>pro</span> <span class='ocrx_word' id='word_1_31' title='bbox 734 1517 933 1576; x_wconf 88' lang='lat' dir='ltr'>removenda</span> <span class='ocrx_word' id='word_1_32' title='bbox 953 1518 1007 1577; x_wconf 92' lang='lat' dir='ltr'>vel</span> <span class='ocrx_word' id='word_1_33' title='bbox 1030 1526 1113 1578; x_wconf 87' lang='lat' dir='ltr'>attra-</span> 
     </span>
    </p>
   </div>
   <div class='ocr_carea' id='block_1_6' title="bbox 330 1614 1115 2278">
    <p class='ocr_par' dir='ltr' id='par_1_6' title="bbox 330 1614 1115 2278">
     <span class='ocr_line' id='line_1_8' title="bbox 363 1614 1112 1691; baseline -0.003 -16"><span class='ocrx_word' id='word_1_34' title='bbox 363 1615 471 1675; x_wconf 91' lang='lat' dir='ltr'>henda</span> <span class='ocrx_word' id='word_1_35' title='bbox 492 1615 617 1675; x_wconf 88' lang='lat' dir='ltr'>cortina</span> <span class='ocrx_word' id='word_1_36' title='bbox 639 1614 768 1675; x_wconf 89' lang='lat' dir='ltr'>lectuli:</span> <span class='ocrx_word' id='word_1_37' title='bbox 790 1631 864 1673; x_wconf 95' lang='lat' dir='ltr'>cum</span> <span class='ocrx_word' id='word_1_38' title='bbox 881 1631 946 1691; x_wconf 92' lang='lat' dir='ltr'>qua</span> <span class='ocrx_word' id='word_1_39' title='bbox 968 1614 1066 1675; x_wconf 89' lang='lat' dir='ltr'>etiam</span> <span class='ocrx_word' id='word_1_40' title='bbox 1085 1614 1112 1673; x_wconf 96' lang='lat' dir='ltr'>in</span> 
     </span>
     <span class='ocr_line' id='line_1_9' title="bbox 363 1711 1112 1790; baseline -0.003 -17"><span class='ocrx_word' id='word_1_41' title='bbox 363 1713 560 1773; x_wconf 84' lang='lat' dir='ltr'>necessitate</span> <span class='ocrx_word' id='word_1_42' title='bbox 588 1713 719 1788; x_wconf 91' lang='lat' dir='ltr'>pulsare</span> <span class='ocrx_word' id='word_1_43' title='bbox 748 1711 890 1785; x_wconf 86' lang='lat' dir='ltr'>solebat,</span> <span class='ocrx_word' id='word_1_44' title='bbox 919 1721 952 1772; x_wconf 94' lang='lat' dir='ltr'>et</span> <span class='ocrx_word' id='word_1_45' title='bbox 978 1713 1112 1790; x_wconf 77' lang='lat' dir='ltr'>aliquem</span> 
     </span>
     <span class='ocr_line' id='line_1_10' title="bbox 364 1808 1113 1887; baseline -0.004 -17"><span class='ocrx_word' id='word_1_46' title='bbox 364 1810 404 1872; x_wconf 94' lang='lat' dir='ltr'>de</span> <span class='ocrx_word' id='word_1_47' title='bbox 420 1810 542 1870; x_wconf 86' lang='lat' dir='ltr'>familia</span> <span class='ocrx_word' id='word_1_48' title='bbox 563 1810 732 1869; x_wconf 87' lang='lat' dir='ltr'>advocare.</span> <span class='ocrx_word' id='word_1_49' title='bbox 764 1808 910 1885; x_wconf 87' lang='lat' dir='ltr'>Contigit</span> <span class='ocrx_word' id='word_1_50' title='bbox 930 1826 1009 1887; x_wconf 87' lang='lat' dir='ltr'>ergo</span> <span class='ocrx_word' id='word_1_51' title='bbox 1032 1826 1113 1870; x_wconf 85' lang='lat' dir='ltr'>occa·</span> 
     </span>
     <span class='ocr_line' id='line_1_11' title="bbox 330 1906 1113 1982; baseline 0.003 -20"><span class='ocrx_word' id='word_1_52' title='bbox 330 1909 458 1968; x_wconf 83' lang='lat' dir='ltr'>rosione</span> <span class='ocrx_word' id='word_1_53' title='bbox 486 1907 629 1968; x_wconf 90' lang='lat' dir='ltr'>incendii</span> <span class='ocrx_word' id='word_1_54' title='bbox 660 1906 818 1982; x_wconf 87' lang='lat' dir='ltr'>civitatis,</span> <span class='ocrx_word' id='word_1_55' title='bbox 847 1916 882 1966; x_wconf 93' lang='lat' dir='ltr'>ut</span> <span class='ocrx_word' id='word_1_56' title='bbox 903 1908 1007 1968; x_wconf 89' lang='lat' dir='ltr'>multa</span> <span class='ocrx_word' id='word_1_57' title='bbox 1036 1908 1113 1967; x_wconf 87' lang='lat' dir='ltr'>circa</span> 
     </span>
     <span class='ocr_line' id='line_1_12' title="bbox 364 2004 1114 2082; baseline -0.004 -17"><span class='ocrx_word' id='word_1_58' title='bbox 364 2007 519 2067; x_wconf 89' lang='lat' dir='ltr'>lectulum</span> <span class='ocrx_word' id='word_1_59' title='bbox 531 2006 603 2067; x_wconf 92' lang='lat' dir='ltr'>eius</span> <span class='ocrx_word' id='word_1_60' title='bbox 614 2015 746 2082; x_wconf 89' lang='lat' dir='ltr'>propter</span> <span class='ocrx_word' id='word_1_61' title='bbox 756 2004 902 2082; x_wconf 89' lang='lat' dir='ltr'>pericula</span> <span class='ocrx_word' id='word_1_62' title='bbox 916 2004 1114 2066; x_wconf 86' lang='lat' dir='ltr'>imminentia</span> 
     </span>
     <span class='ocr_line' id='line_1_13' title="bbox 364 2103 1115 2182; baseline 0 -20"><span class='ocrx_word' id='word_1_63' title='bbox 364 2103 578 2180; x_wconf 84' lang='lat' dir='ltr'>agitarentur3</span> <span class='ocrx_word' id='word_1_64' title='bbox 599 2105 714 2182; x_wconf 89' lang='lat' dir='ltr'>sicque</span> <span class='ocrx_word' id='word_1_65' title='bbox 735 2121 794 2181; x_wconf 94' lang='lat' dir='ltr'>per</span> <span class='ocrx_word' id='word_1_66' title='bbox 809 2106 1067 2181; x_wconf 76' lang='lat' dir='ltr'>exportationem</span> <span class='ocrx_word' id='word_1_67' title='bbox 1087 2113 1115 2163; x_wconf 91' lang='lat' dir='ltr'>et</span> 
     </span>
     <span class='ocr_line' id='line_1_14' title="bbox 365 2195 1114 2278; baseline -0.003 -18"><span class='ocrx_word' id='word_1_68' title='bbox 365 2202 617 2277; x_wconf 85' lang='lat' dir='ltr'>reportationem</span> <span class='ocrx_word' id='word_1_69' title='bbox 646 2219 755 2262; x_wconf 92' lang='lat' dir='ltr'>rerum</span> <span class='ocrx_word' id='word_1_70' title='bbox 786 2195 882 2262; x_wconf 81' lang='lat' dir='ltr'>etiam</span> <span class='ocrx_word' id='word_1_71' title='bbox 905 2201 1033 2278; x_wconf 87' lang='lat' dir='ltr'>virgula</span> <span class='ocrx_word' id='word_1_72' title='bbox 1060 2202 1114 2261; x_wconf 87' lang='lat' dir='ltr'>ista</span> 
     </span>
    </p>
   </div>
   <div class='ocr_carea' id='block_1_7' title="bbox 326 2297 1157 3746">
    <p class='ocr_par' dir='ltr' id='par_1_7' title="bbox 364 2297 1113 2377">
     <span class='ocr_line' id='line_1_15' title="bbox 364 2297 1113 2377; baseline 0 -20"><span class='ocrx_word' id='word_1_73' title='bbox 364 2297 489 2373; x_wconf 89' lang='lat' dir='ltr'>perdita</span> <span class='ocrx_word' id='word_1_74' title='bbox 505 2309 570 2360; x_wconf 89' lang='lat' dir='ltr'>est:</span> <span class='ocrx_word' id='word_1_75' title='bbox 586 2300 644 2360; x_wconf 91' lang='lat' dir='ltr'>sed</span> <span class='ocrx_word' id='word_1_76' title='bbox 656 2300 709 2360; x_wconf 93' lang='lat' dir='ltr'>ubi</span> <span class='ocrx_word' id='word_1_77' title='bbox 726 2299 984 2377; x_wconf 85' lang='lat' dir='ltr'>manseritvirgo</span> <span class='ocrx_word' id='word_1_78' title='bbox 996 2300 1113 2360; x_wconf 90' lang='lat' dir='ltr'>nescie-</span> 
     </span>
    </p>

    <p class='ocr_par' dir='ltr' id='par_1_8' title="bbox 331 2395 1113 2866">
     <span class='ocr_line' id='line_1_16' title="bbox 331 2395 1113 2473; baseline 0.004 -21"><span class='ocrx_word' id='word_1_79' title='bbox 331 2395 426 2455; x_wconf 82' lang='lat' dir='ltr'>rsbat.</span> <span class='ocrx_word' id='word_1_80' title='bbox 459 2397 578 2457; x_wconf 87' lang='lat' dir='ltr'>Postea</span> <span class='ocrx_word' id='word_1_81' title='bbox 596 2414 676 2457; x_wconf 91' lang='lat' dir='ltr'>vero</span> <span class='ocrx_word' id='word_1_82' title='bbox 698 2397 731 2457; x_wconf 98' lang='lat' dir='ltr'>in</span> <span class='ocrx_word' id='word_1_83' title='bbox 753 2407 849 2458; x_wconf 91' lang='lat' dir='ltr'>nocte</span> <span class='ocrx_word' id='word_1_84' title='bbox 871 2397 975 2457; x_wconf 90' lang='lat' dir='ltr'>sancti</span> <span class='ocrx_word' id='word_1_85' title='bbox 998 2395 1113 2473; x_wconf 78' lang='lat' dir='ltr'>Apolli-</span> 
     </span>
     <span class='ocr_line' id='line_1_17' title="bbox 364 2492 1113 2572; baseline 0 -21"><span class='ocrx_word' id='word_1_86' title='bbox 364 2492 452 2552; x_wconf 92' lang='lat' dir='ltr'>naris</span> <span class='ocrx_word' id='word_1_87' title='bbox 469 2493 613 2570; x_wconf 87' lang='lat' dir='ltr'>episcopi</span> <span class='ocrx_word' id='word_1_88' title='bbox 630 2504 662 2555; x_wconf 89' lang='lat' dir='ltr'>et</span> <span class='ocrx_word' id='word_1_89' title='bbox 673 2495 835 2572; x_wconf 89' lang='lat' dir='ltr'>martyris,</span> <span class='ocrx_word' id='word_1_90' title='bbox 851 2512 924 2555; x_wconf 89' lang='lat' dir='ltr'>cum</span> <span class='ocrx_word' id='word_1_91' title='bbox 936 2495 1030 2571; x_wconf 90' lang='lat' dir='ltr'>virgo</span> <span class='ocrx_word' id='word_1_92' title='bbox 1045 2509 1113 2571; x_wconf 86' lang='lat' dir='ltr'>prae</span> 
     </span>
     <span class='ocr_line' id='line_1_18' title="bbox 364 2592 1113 2653; baseline -0.001 -3"><span class='ocrx_word' id='word_1_93' title='bbox 364 2592 1113 2653; x_wconf 86' lang='lat' dir='ltr'>aestucalorisanhelitumvixtraherevaleret:</span> 
     </span>
     <span class='ocr_line' id='line_1_19' title="bbox 363 2690 1113 2767; baseline -0.001 -18"><span class='ocrx_word' id='word_1_94' title='bbox 363 2690 521 2767; x_wconf 87' lang='lat' dir='ltr'>virgulam</span> <span class='ocrx_word' id='word_1_95' title='bbox 545 2690 707 2767; x_wconf 87' lang='lat' dir='ltr'>quaesivit</span> <span class='ocrx_word' id='word_1_96' title='bbox 728 2699 763 2750; x_wconf 89' lang='lat' dir='ltr'>ut</span> <span class='ocrx_word' id='word_1_97' title='bbox 784 2691 894 2750; x_wconf 92' lang='lat' dir='ltr'>velum</span> <span class='ocrx_word' id='word_1_98' title='bbox 925 2698 1113 2761; x_wconf 87' lang='lat' dir='ltr'>removeret,</span> 
     </span>
     <span class='ocr_line' id='line_1_20' title="bbox 364 2788 1112 2866; baseline -0.004 -17"><span class='ocrx_word' id='word_1_99' title='bbox 364 2807 424 2849; x_wconf 93' lang='lat' dir='ltr'>nec</span> <span class='ocrx_word' id='word_1_100' title='bbox 440 2789 575 2849; x_wconf 89' lang='lat' dir='ltr'>invenit.</span> <span class='ocrx_word' id='word_1_101' title='bbox 607 2789 749 2849; x_wconf 84' lang='lat' dir='ltr'>Multum</span> <span class='ocrx_word' id='word_1_102' title='bbox 766 2805 842 2866; x_wconf 87' lang='lat' dir='ltr'>ergo</span> <span class='ocrx_word' id='word_1_103' title='bbox 859 2806 899 2848; x_wconf 88' lang='lat' dir='ltr'>ex</span> <span class='ocrx_word' id='word_1_104' title='bbox 914 2790 978 2848; x_wconf 92' lang='lat' dir='ltr'>hoc</span> <span class='ocrx_word' id='word_1_105' title='bbox 994 2788 1112 2848; x_wconf 86' lang='lat' dir='ltr'>anxiata</span> 
     </span>
    </p>

    <p class='ocr_par' dir='ltr' id='par_1_9' title="bbox 327 2885 1157 3354">
     <span class='ocr_line' id='line_1_21' title="bbox 327 2885 1112 2963; baseline 0 -20"><span class='ocrx_word' id='word_1_106' title='bbox 327 2902 354 2943; x_wconf 86' lang='lat'>20</span> <span class='ocrx_word' id='word_1_107' title='bbox 365 2887 483 2962; x_wconf 86' lang='lat' dir='ltr'>doluit3</span> <span class='ocrx_word' id='word_1_108' title='bbox 494 2886 640 2963; x_wconf 87' lang='lat' dir='ltr'>quianec</span> <span class='ocrx_word' id='word_1_109' title='bbox 653 2886 714 2946; x_wconf 92' lang='lat' dir='ltr'>sibi</span> <span class='ocrx_word' id='word_1_110' title='bbox 731 2886 792 2962; x_wconf 91' lang='lat' dir='ltr'>ipsi</span> <span class='ocrx_word' id='word_1_111' title='bbox 811 2885 989 2946; x_wconf 92' lang='lat' dir='ltr'>subvenire</span> <span class='ocrx_word' id='word_1_112' title='bbox 1000 2885 1112 2962; x_wconf 90' lang='lat' dir='ltr'>potuit:</span> 
     </span>
     <span class='ocr_line' id='line_1_22' title="bbox 364 2982 1157 3062; baseline -0.01 -18"><span class='ocrx_word' id='word_1_113' title='bbox 364 2994 395 3044; x_wconf 92' lang='lat' dir='ltr'>et</span> <span class='ocrx_word' id='word_1_114' title='bbox 430 2985 484 3062; x_wconf 93' lang='lat' dir='ltr'>qui</span> <span class='ocrx_word' id='word_1_115' title='bbox 517 2984 648 3044; x_wconf 86' lang='lat' dir='ltr'>aliunde</span> <span class='ocrx_word' id='word_1_116' title='bbox 681 2993 888 3044; x_wconf 89' lang='lat' dir='ltr'>succurreret</span> <span class='ocrx_word' id='word_1_117' title='bbox 921 3000 988 3043; x_wconf 92' lang='lat' dir='ltr'>non</span> <span class='ocrx_word' id='word_1_118' title='bbox 1020 2982 1113 3044; x_wconf 85' lang='lat' dir='ltr'>alluit.</span> <span class='ocrx_word' id='word_1_119' title='bbox 1155 3029 1157 3036; x_wconf 93' lang='lat'><em>.</em></span> 
     </span>
     <span class='ocr_line' id='line_1_23' title="bbox 364 3080 1113 3159; baseline -0.009 -17"><span class='ocrx_word' id='word_1_120' title='bbox 364 3082 478 3142; x_wconf 89' lang='lat' dir='ltr'>Statim</span> <span class='ocrx_word' id='word_1_121' title='bbox 511 3082 608 3159; x_wconf 88' lang='lat' dir='ltr'>igitur</span> <span class='ocrx_word' id='word_1_122' title='bbox 636 3083 773 3159; x_wconf 87' lang='lat' dir='ltr'>angelus</span> <span class='ocrx_word' id='word_1_123' title='bbox 795 3080 927 3141; x_wconf 89' lang='lat' dir='ltr'>Domini</span> <span class='ocrx_word' id='word_1_124' title='bbox 960 3081 1113 3141; x_wconf 89' lang='lat' dir='ltr'>assistens</span> 
     </span>
     <span class='ocr_line' id='line_1_24' title="bbox 363 3178 1112 3256; baseline -0.008 -17"><span class='ocrx_word' id='word_1_125' title='bbox 363 3180 584 3240; x_wconf 88' lang='lat' dir='ltr'>contristatam</span> <span class='ocrx_word' id='word_1_126' title='bbox 596 3181 796 3240; x_wconf 89' lang='lat' dir='ltr'>consolatur:</span> <span class='ocrx_word' id='word_1_127' title='bbox 807 3179 975 3256; x_wconf 92' lang='lat' dir='ltr'>spondens</span> <span class='ocrx_word' id='word_1_128' title='bbox 986 3178 1112 3239; x_wconf 88' lang='lat' dir='ltr'>alterius</span> 
     </span>
     <span class='ocr_line' id='line_1_25' title="bbox 363 3275 1157 3354; baseline -0.004 -18"><span class='ocrx_word' id='word_1_129' title='bbox 363 3286 395 3336; x_wconf 91' lang='lat' dir='ltr'>et</span> <span class='ocrx_word' id='word_1_130' title='bbox 431 3277 577 3337; x_wconf 91' lang='lat' dir='ltr'>melioris</span> <span class='ocrx_word' id='word_1_131' title='bbox 607 3277 718 3354; x_wconf 86' lang='lat' dir='ltr'>virgae</span> <span class='ocrx_word' id='word_1_132' title='bbox 755 3275 1007 3338; x_wconf 89' lang='lat' dir='ltr'>restitutionem.</span> <span class='ocrx_word' id='word_1_133' title='bbox 1052 3277 1112 3337; x_wconf 92' lang='lat' dir='ltr'>Nec</span> <span class='ocrx_word' id='word_1_134' title='bbox 1155 3339 1157 3354; x_wconf 44' lang='grc' dir='ltr'>Ι</span> 
     </span>
    </p>

    <p class='ocr_par' dir='ltr' id='par_1_10' title="bbox 326 3357 1157 3746">
     <span class='ocr_line' id='line_1_26' title="bbox 326 3357 1157 3451; baseline 0.005 -17"><span class='ocrx_word' id='word_1_135' title='bbox 326 3391 468 3450; x_wconf 57' lang='lat' dir='ltr'>amora,</span> <span class='ocrx_word' id='word_1_136' title='bbox 491 3384 563 3451; x_wconf 91' lang='lat' dir='ltr'>post</span> <span class='ocrx_word' id='word_1_137' title='bbox 586 3375 751 3451; x_wconf 91' lang='lat' dir='ltr'>paululum</span> <span class='ocrx_word' id='word_1_138' title='bbox 775 3374 981 3434; x_wconf 91' lang='lat' dir='ltr'>cessantibus</span> <span class='ocrx_word' id='word_1_139' title='bbox 1004 3373 1112 3435; x_wconf 90' lang='lat' dir='ltr'>dolori-</span> <span class='ocrx_word' id='word_1_140' title='bbox 1155 3357 1157 3438; x_wconf 56' lang='lat' dir='ltr'>i</span> 
     </span>
     <span class='ocr_line' id='line_1_27' title="bbox 363 3472 1112 3552; baseline -0.001 -20"><span class='ocrx_word' id='word_1_141' title='bbox 363 3473 424 3533; x_wconf 98' lang='lat' dir='ltr'>bus</span> <span class='ocrx_word' id='word_1_142' title='bbox 436 3473 593 3533; x_wconf 85' lang='lat' dir='ltr'>febrium:</span> <span class='ocrx_word' id='word_1_143' title='bbox 609 3474 744 3550; x_wconf 87' lang='lat' dir='ltr'>angelus</span> <span class='ocrx_word' id='word_1_144' title='bbox 759 3472 831 3549; x_wconf 88' lang='lat' dir='ltr'>ipsa</span> <span class='ocrx_word' id='word_1_145' title='bbox 845 3472 1009 3534; x_wconf 92' lang='lat' dir='ltr'>sentiente</span> <span class='ocrx_word' id='word_1_146' title='bbox 1021 3472 1112 3552; x_wconf 89' lang='lat' dir='ltr'>quod·</span> 
     </span>
     <span class='ocr_line' id='line_1_28' title="bbox 363 3571 1111 3648; baseline -0.004 -16"><span class='ocrx_word' id='word_1_147' title='bbox 363 3573 435 3632; x_wconf 89' lang='lat' dir='ltr'>dam</span> <span class='ocrx_word' id='word_1_148' title='bbox 471 3572 594 3648; x_wconf 88' lang='lat' dir='ltr'>lignum</span> <span class='ocrx_word' id='word_1_149' title='bbox 626 3571 665 3631; x_wconf 92' lang='lat' dir='ltr'>ad</span> <span class='ocrx_word' id='word_1_150' title='bbox 697 3588 884 3631; x_wconf 92' lang='lat' dir='ltr'>mensuram</span> <span class='ocrx_word' id='word_1_151' title='bbox 921 3571 1020 3631; x_wconf 91' lang='lat' dir='ltr'>ulnae</span> <span class='ocrx_word' id='word_1_152' title='bbox 1051 3572 1111 3631; x_wconf 86' lang='lat' dir='ltr'>fere</span> 
     </span>
     <span class='ocr_line' id='line_1_29' title="bbox 363 3665 1111 3746; baseline -0.007 -17"><span class='ocrx_word' id='word_1_153' title='bbox 363 3670 494 3746; x_wconf 89' lang='lat' dir='ltr'>longum</span> <span class='ocrx_word' id='word_1_154' title='bbox 517 3686 617 3744; x_wconf 92' lang='lat' dir='ltr'>super</span> <span class='ocrx_word' id='word_1_155' title='bbox 637 3677 754 3746; x_wconf 89' lang='lat' dir='ltr'>pectus</span> <span class='ocrx_word' id='word_1_156' title='bbox 777 3668 849 3728; x_wconf 90' lang='lat' dir='ltr'>eius</span> <span class='ocrx_word' id='word_1_157' title='bbox 871 3669 991 3730; x_wconf 92' lang='lat' dir='ltr'>leniter</span> <span class='ocrx_word' id='word_1_158' title='bbox 1011 3665 1111 3746; x_wconf 90' lang='lat' dir='ltr'>posuit</span> 
     </span>
    </p>
   </div>
   <div class='ocr_carea' id='block_1_8' title="bbox 363 3767 1110 3913">
    <p class='ocr_par' dir='ltr' id='par_1_11' title="bbox 363 3767 1110 3913">
     <span class='ocr_line' id='line_1_30' title="bbox 363 3767 1110 3844; baseline -0.004 -17"><span class='ocrx_word' id='word_1_159' title='bbox 363 3777 395 3827; x_wconf 94' lang='lat' dir='ltr'>et</span> <span class='ocrx_word' id='word_1_160' title='bbox 417 3768 565 3828; x_wconf 90' lang='lat' dir='ltr'>recessit.</span> <span class='ocrx_word' id='word_1_161' title='bbox 602 3767 700 3844; x_wconf 92' lang='lat' dir='ltr'>Quod</span> <span class='ocrx_word' id='word_1_162' title='bbox 721 3784 819 3827; x_wconf 90' lang='lat' dir='ltr'>manu</span> <span class='ocrx_word' id='word_1_163' title='bbox 843 3776 979 3827; x_wconf 84' lang='lat' dir='ltr'>extensa</span> <span class='ocrx_word' id='word_1_164' title='bbox 1006 3780 1110 3843; x_wconf 87' lang='lat' dir='ltr'>appre-</span> 
     </span>
     <span class='ocr_line' id='line_1_31' title="bbox 718 3872 760 3913; baseline 0 0"><span class='ocrx_word' id='word_1_165' title='bbox 718 3872 760 3913; x_wconf 79' lang='lat' dir='ltr'>aso</span> 
     </span>
    </p>
   </div>
   <div class='ocr_carea' id='block_1_9' title="bbox 0 0 1350 4659">
    <p class='ocr_par' dir='ltr' id='par_1_12' title="bbox 0 0 1350 4659">
     <span class='ocr_line' id='line_1_32' title="bbox 0 0 1350 4659; baseline 0 0"><span class='ocrx_word' id='word_1_166' title='bbox 0 0 1350 4659; x_wconf 95' lang='lat' dir='ltr'> </span> 
     </span>
    </p>
   </div>
  </div>
 </body>
</html>
