2692 4659
355 721 516 775 &spffi
543 720 706 763 SERMONES
721 722 761 764 Al)
777 720 926 765 NOVICIOS
951 722 1115 775 mm

357 864 389 915 et
412 863 515 914 totum
544 854 665 914 bonum
692 854 850 915 castitatis
872 856 943 915 Deo
973 854 1115 915 fideliter

357 963 389 1014 et
411 953 536 1029 integre
551 952 707 1012 ascribat:
730 953 784 1029 qui
807 963 871 1013 tam
895 954 1036 1014 electum
1060 954 1114 1012 do-

357 1068 435 1112 num
466 1051 504 1111 ad
533 1050 686 1110 decorem
715 1049 842 1110 animae
870 1050 931 1110 sibi
962 1050 1114 1111 conferre

358 1148 508 1225 dignatus
523 1157 582 1207 est.
608 1148 747 1223 Insuper
762 1164 836 1207 cum
852 1165 968 1224 magna
983 1149 1114 1209 humili·

336 1255 421 1306 state
444 1255 475 1306 et
497 1245 658 1305 cotidiana
680 1245 917 1321 supplicatione
940 1264 957 1305 a
978 1247 1114 1308 Christo

358 1343 582 1404 desideranter
612 1352 714 1419 petat:
746 1352 782 1402 ut
812 1360 917 1419 usque
948 1332 981 1404 in
1015 1344 1112 1405 finem

358 1451 446 1502 casta
474 1440 583 1501 sobria
612 1450 643 1501 et
671 1439 805 1516 pudica,
837 1441 922 1501 sicut
952 1441 1113 1518 virginem

358 1539 483 1600 Christi
507 1539 610 1615 decet,
639 1549 827 1600 constanter
848 1548 1056 1615 perseveret;
1086 1548 1116 1600 et

358 1645 392 1697 ut
421 1654 536 1698 omnes
566 1637 673 1697 carnis
703 1637 875 1697 illecebras
904 1638 1056 1713 vincere,
1085 1647 1116 1698 et

325 1735 481 1796 rosaeculi
503 1753 599 1820 curas
615 1735 745 1796 abicere
767 1738 881 1812 valeat,
904 1735 1060 1813 quamdiu
1083 1736 1115 1795 in

360 1833 464 1910 fragili
481 1850 618 1909 corpore
633 1834 796 1894 subsistit:
812 1834 887 1910 quia
901 1834 987 1894 inter
1003 1835 1116 1893 hostes

360 1939 392 1989 et
414 1929 558 2006 pericula
580 1931 681 1990 multa
709 1940 867 1991 versatur.
912 1931 976 1991 Ista
998 1930 1117 1990 caritas

360 2036 410 2087 est
433 2027 529 2087 etiam
559 2026 653 2086 valde
682 2027 869 2087 necessaria
897 2027 936 2087 ad
965 2036 1116 2087 ornatum

361 2125 525 2186 secundae
553 2126 655 2186 vestis
684 2125 853 2203 virginalis
884 2142 967 2203 quae
998 2125 1119 2185 dicitur

328 2223 515 2299 rspatientia
525 2224 772 2301 insuperabilis3
787 2226 863 2301 quia
873 2224 1028 2301 patientia
1044 2223 1118 2283 sine

361 2321 493 2382 caritate
516 2322 641 2383 Christi
671 2340 737 2382 non
760 2324 892 2400 prodest
914 2323 953 2383 ad
977 2323 1117 2383 salutem

362 2429 393 2479 et
408 2420 560 2480 meritum
577 2421 662 2480 vitae
678 2431 846 2482 aeternae:
869 2422 966 2482 etiam
989 2421 1017 2481 si
1035 2422 1119 2481 fera·

362 2533 433 2576 rum
450 2534 590 2593 morsus,
612 2527 666 2578 aut
682 2518 802 2595 ignem,
820 2528 874 2579 aut
888 2519 1042 2596 gladium,
1065 2530 1121 2579 aut

362 2614 470 2674 crucis
499 2616 697 2691 supplicium
727 2617 801 2692 quis
830 2615 999 2676 sustineat.
1043 2617 1119 2677 Non

326 2712 450 2773 anenim
481 2731 586 2789 poena
617 2724 792 2792 martyrem
824 2714 915 2775 facit:
947 2714 1005 2774 sed
1034 2715 1121 2774 bona

362 2828 461 2871 causa
482 2821 629 2871 sanctum
654 2811 730 2871 facit
752 2821 946 2889 martyrcm3
975 2811 1030 2887 qui
1061 2829 1120 2887 pro

364 2908 426 2968 lide
449 2908 575 2969 Christi
598 2910 731 2985 patitur,
754 2919 808 2969 aut
830 2927 887 2986 pro
910 2908 1043 2983 iustitia,
1066 2919 1121 2969 aut

363 3024 421 3083 pro
437 3006 599 3067 castitate:
622 3016 654 3067 et
673 3007 848 3083 praecipue
863 3024 921 3083 pro
937 3006 1119 3066 animarum

364 3105 477 3164 salute.
521 3104 670 3166 Contulit
694 3114 801 3164 autem
825 3104 981 3165 Christus
1003 3105 1121 3164 beatis-

328 3202 466 3263 25simae
488 3200 605 3277 Agneti
635 3203 695 3261 has
725 3212 792 3261 tres
816 3201 976 3277 pretiosas
999 3211 1121 3276 vestes,

363 3301 396 3360 in
425 3300 554 3376 signum
585 3299 744 3360 maximae
774 3299 960 3361 dilectionis
989 3309 1021 3359 et
1049 3316 1121 3374 per-

364 3408 480 3476 petuae
509 3398 790 3474 desponsationis3
819 3415 900 3474 quas
928 3397 1023 3457 valde
1051 3414 1122 3474 gra·

364 3506 469 3557 tanter
499 3496 640 3572 accepit:
677 3506 709 3556 et
740 3513 813 3556 cum
849 3512 966 3571 magna
1000 3494 1123 3556 laetitia

364 3596 453 3655 intus
481 3610 517 3654 se
546 3610 667 3653 ornans
697 3593 786 3654 dixit.
837 3593 945 3653 Induit
973 3609 1027 3653 me
1057 3593 1122 3652 Do·

328 3693 474 3755 aominus
496 3691 693 3752 vestimento
715 3692 846 3752 salutis:
876 3701 907 3752 et
929 3691 1122 3751 indumento

365 3790 506 3853 laetitiae
529 3789 743 3849 circumdedit
765 3806 828 3849 me.
858 3790 896 3849 Et
911 3789 1040 3850 iterum.
1072 3789 1123 3848 ln·

723 3894 764 3936 246
