2692 4659
240 825 355 903 iugiter
391 828 599 889 collaudaret.
656 830 720 890 Hic
755 831 885 892 tandem
921 842 995 909 post

241 925 339 985 multa
379 924 492 986 inclita
530 927 692 987 bonorum
733 944 869 1004 operum
903 941 995 1007 gesta

241 1025 427 1101 moriturus,
449 1034 482 1085 et
503 1035 637 1101 paterna
658 1026 791 1087 caritate
813 1027 853 1087 de
876 1026 994 1087 futuris

242 1121 417 1197 sollicitus,
446 1138 488 1182 ne
518 1123 638 1183 bonum
662 1123 716 1200 pio
746 1124 917 1185 conamine
946 1126 993 1185 in-

243 1230 367 1297 ceptum
380 1237 439 1297 per
449 1220 606 1281 desidiam
618 1221 796 1298 deperiret3
808 1222 1017 1283 convocatis⁵

243 1318 276 1377 ad
303 1335 341 1378 se
364 1317 441 1377 liliis
464 1328 496 1378 et
517 1318 632 1379 amicis
659 1320 766 1380 zelum
791 1319 851 1379 Dei
874 1320 994 1380 haben-

242 1414 323 1476 tibus
335 1415 532 1476 confortavit
547 1416 645 1476 corda
656 1434 769 1478 eorum
786 1417 993 1478 sermonibus

191 1467 200 1590 Ρ
243 1514 371 1589 optimis
381 1530 456 1573 cum
468 1513 580 1574 multis
595 1525 782 1575 sanctorum
798 1515 994 1592 praeceden-

191 1595 197 1703 β
242 1611 316 1672 tium
331 1611 510 1688 exemplis:
526 1621 558 1672 et
573 1613 613 1672 ad
628 1613 906 1689 perseverantiam
916 1613 992 1673 boni

241 1719 341 1770 status
370 1709 435 1769 iam
463 1708 585 1786 incepti
614 1709 762 1787 singulos
784 1719 918 1771 strenue
940 1728 993 1770 ex·
1005 1725 1030 1766 lo

240 1808 373 1868 hortans
395 1815 428 1866 et
449 1807 630 1883 deprecans
658 1807 711 1868 ait.
754 1808 851 1868 Nunc
876 1825 952 1885 ergo
975 1825 993 1868 o

240 1904 294 1966 lilii
327 1906 546 1966 aemulatores
582 1915 687 1967 estote
722 1907 822 1984 legis:
859 1916 891 1966 et
921 1907 993 1966 date

238 2003 365 2063 animas
392 2013 520 2064 vestras
549 2022 607 2081 pro
636 2013 830 2065 testamento
857 2013 993 2080 patrum.

237 2101 443 2161 Mementote
454 2117 590 2177 operum
602 2112 729 2179 patrum
746 2119 829 2179 quae
846 2102 994 2162 fecerunt

235 2199 270 2259 in
292 2198 560 2276 generationibus
583 2199 669 2259 suis:
692 2210 724 2260 et
745 2199 913 2276 accipietis
927 2201 1030 2276 glo-1⁵

236 2298 319 2357 riam
340 2314 488 2374 magnam
511 2307 543 2357 et
564 2314 685 2357 nomen
708 2308 886 2358 aeternum.

279 2396 430 2456 Salvator
449 2411 580 2471 quoque
595 2404 708 2455 noster
724 2396 885 2455 Dominus
902 2396 994 2454 lesus
1005 2398 1093 2447 Salva-

238 2493 398 2555 Christus
419 2503 549 2569 peracto
572 2510 631 2570 per
651 2493 837 2570 passionem
868 2502 900 2553 et
925 2511 995 2552 cru·
1025 2480 1065 2519 ‘⁰‘

237 2608 313 2651 cem
326 2608 419 2651 suam
436 2591 671 2668 redemptionis
686 2599 816 2651 nostrae
827 2591 995 2668 mysterio,

237 2698 314 2765 post
335 2689 461 2749 beatam
485 2689 761 2749 resurrectionem
786 2706 878 2748 suam
901 2701 1031 2766 appa-ao

238 2803 319 2846 rens
356 2786 545 2863 frequenter
580 2786 750 2863 discipulis
786 2786 875 2862 suis,
911 2786 996 2846 inter

239 2884 342 2944 multa
363 2893 488 2944 sacrata
502 2885 602 2944 verba
616 2884 736 2961 quibus
752 2901 809 2943 eos
831 2884 996 2961 sapienter

239 2991 272 3042 et
302 2998 458 3057 expresse
486 2982 655 3042 instruxit:
687 2983 768 3042 haec
797 2980 936 3042 finaliter
964 2990 995 3041 et

239 3079 415 3140 salubriter
436 3079 554 3139 intulit.
585 3079 708 3139 Euntes
723 3080 766 3139 ait
788 3079 821 3139 in
837 3079 994 3138 mundum

238 3176 450 3250 universum,
472 3177 655 3253 praedicate
678 3177 883 3253 evangelium
906 3176 1031 3236 omnies

238 3283 426 3335 creaturae:
455 3284 488 3334 et
508 3274 624 3335 docete
646 3292 762 3335 omnes
783 3284 898 3351 gentes
927 3291 994 3333 ser-

238 3390 317 3434 vare
339 3373 450 3433 omnia
471 3388 697 3449 quaecumque
719 3372 868 3432 mandavi
891 3372 994 3432 vobis.

239 3471 269 3534 O
301 3471 379 3532 Felix
409 3480 441 3530 et
466 3470 631 3530 meritoria
659 3469 880 3530 oboedientia:
911 3486 994 3546 quae

238 3569 320 3630 nibil
353 3568 442 3628 aliud
473 3568 592 3644 cogitat
623 3585 719 3644 quam
753 3568 993 3645 beneplacitum

239 3676 271 3727 et
302 3666 504 3727 voluntatem
538 3665 643 3725 Patris
680 3666 832 3726 caelestis
868 3665 1031 3725 deside-ao

239 3774 350 3825 ranter
379 3764 527 3841 implere.
571 3761 719 3840 Oquam
749 3774 860 3825 sancta
888 3762 996 3823 anima

606 3868 633 3909 29
