2692 4659
232 660 555 712 &ww
597 660 628 703 111
667 662 989 714 wem

235 810 294 852 nes
317 802 482 853 errantes:
505 802 537 853 et
558 794 611 854 ait.
653 792 791 855 Auferte
814 795 893 855 deos
915 795 992 855 alie·
1125 870 1127 876 Ι

236 907 311 966 nos;
333 901 365 952 et
387 901 576 969 praeparate
599 893 697 953 corda
715 902 824 953 vestra
840 893 992 970 Domino,
1047 960 1051 966 ,

238 997 269 1048 et
294 990 417 1050 servite
446 989 493 1050 illi
523 990 601 1050 soli:
633 1000 665 1050 et
694 989 843 1051 liberabit
863 1008 924 1050 vos
952 991 992 1051 de

239 1087 387 1147 manibus
408 1086 616 1148 inimicorum
639 1096 835 1149 vestrorum.

275 1184 381 1244 David
403 1201 535 1261 quoque
558 1202 614 1245 rex
634 1194 751 1262 potens
773 1195 806 1245 et
820 1196 953 1246 sanctus
975 1197 1090 1246 anavid

192 1349 193 1372 2
240 1281 389 1342 Samuele
411 1283 484 1342 oleo
506 1293 619 1343 sancto
634 1281 667 1343 in
684 1283 864 1360 principem
882 1283 992 1361 populi

239 1390 370 1441 unctus:
393 1398 468 1441 curn
490 1381 639 1457 pluribus
660 1382 755 1441 annis
778 1381 992 1442 Israeliticum

191 1453 199 1596 i
239 1496 372 1555 regnum
395 1489 529 1539 strenue
550 1479 783 1555 gubernasset3
814 1488 888 1539 ante
910 1496 994 1538 mor-

191 1599 196 1696 ,
238 1588 300 1637 tem
337 1594 431 1637 suam
467 1576 596 1637 vocavit
631 1577 670 1637 ad
713 1593 749 1637 se
786 1577 992 1637 Salomonem

238 1675 339 1735 filium
354 1692 469 1735 suum:
484 1674 715 1752 praecepitque
730 1674 760 1735 ei
777 1674 899 1735 dicens
929 1673 995 1751 Ego
1006 1693 1031 1736 ro

236 1773 401 1850 ingrediar
427 1772 514 1833 viam
546 1773 721 1833 universae
749 1782 865 1833 terrac.
908 1771 995 1833 Con-

236 1871 357 1931 fortare
380 1880 412 1931 et
434 1880 504 1931 esto
525 1870 585 1946 vir,
607 1880 639 1930 et
654 1871 793 1930 observa
814 1869 994 1930 custodiam

235 1968 371 2030 Domini
388 1968 450 2029 Dei
473 1967 536 2045 tui3
558 1976 594 2028 ut
615 1968 764 2028 ambules
786 1967 819 2027 in
834 1967 898 2027 viis
913 1967 996 2042 eius,

233 2076 267 2127 et
289 2065 457 2126 custodias
479 2065 696 2125 caerimonias
725 2064 814 2141 eius,
846 2074 877 2125 et
905 2080 996 2141 prae-

232 2173 331 2241 cepta
345 2163 429 2239 eius
451 2172 483 2223 et
498 2162 618 2223 iudicia
639 2174 671 2224 et
686 2163 888 2223 testimonia:
911 2162 996 2223 sicut
1007 2185 1032 2227 15

232 2262 396 2338 scriptum
420 2261 525 2321 estin
555 2262 627 2338 lege
649 2260 771 2338 Moysi.
815 2261 940 2321 Rursus
962 2260 996 2320 in

233 2361 364 2437 psalmo
394 2359 533 2436 quodam
564 2359 686 2436 Spiritu
715 2368 827 2419 sancto
858 2358 997 2434 afflatus,

235 2457 396 2535 populum
419 2456 481 2516 sibi
498 2457 711 2517 commissum
728 2456 882 2517 erudiens
905 2466 936 2516 et
957 2456 996 2516 ad

236 2556 388 2617 divinum
411 2554 534 2615 cultum
561 2555 737 2615 exhortans
766 2563 835 2613 orat
857 2563 889 2613 et
910 2554 996 2613 dicit.

235 2652 408 2714 Attendite
422 2652 542 2728 popule
563 2668 658 2712 meus
680 2653 785 2728 legem
805 2668 927 2710 meam:
950 2650 1033 2715 in·20

238 2751 360 2811 clinate
381 2767 493 2810 aurem
509 2760 652 2811 vestram
670 2750 703 2810 in
718 2750 818 2810 verba
840 2748 907 2809 oris
922 2749 996 2809 mei.

239 2849 373 2927 Quanta
403 2848 567 2909 mandavit
596 2849 742 2925 patribus
773 2847 894 2908 nostris
922 2857 998 2907 nota

240 2949 351 3008 iacere
372 2963 412 3007 ea
433 2946 510 3006 liliis
532 2946 618 3007 suis:
649 2957 684 3007 ut
706 2955 880 3023 cognoscat
900 2962 997 3021 gene·

238 3045 321 3106 ratio
344 3044 454 3104 altera.
498 3042 569 3103 Filii
596 3043 651 3120 qui
680 3052 857 3103 nascentur
884 3052 916 3102 et
944 3060 997 3103 ex·

239 3152 373 3220 urgent:
389 3150 421 3201 et
436 3142 613 3201 narrabunt
625 3141 702 3202 filiis
715 3141 794 3202 suis
819 3141 862 3201 Vt
876 3150 998 3216 ponant
1006 3164 1033 3205 25

240 3242 274 3302 in
296 3241 367 3300 Deo
391 3255 483 3315 spem
506 3256 598 3299 suam
622 3248 654 3299 et
675 3256 741 3299 non
763 3238 998 3299 obliviscantur

239 3356 377 3417 operum
395 3336 545 3397 Domini:
568 3346 600 3397 et
622 3338 771 3398 mandata
792 3338 864 3397 eius
886 3338 997 3415 exqui-

239 3447 321 3500 rant.
346 3436 430 3496 Ecce
441 3452 538 3512 quam
550 3435 666 3496 devota
676 3436 853 3496 admonitio
863 3436 996 3513 gloriosi

239 3536 344 3613 regis:
373 3534 413 3594 ad
436 3533 616 3594 custodiam
644 3534 883 3595 sacratissimae
906 3533 996 3610 legis.

281 3634 437 3695 Salomon
459 3649 591 3709 quoque
605 3631 869 3709 sapientissimus
884 3649 996 3709 regum
1008 3644 1081 3693 sno-

239 3742 375 3809 paterna
403 3730 542 3807 vestigia
571 3748 732 3807 sequens:
763 3730 849 3791 inter
880 3732 997 3791 multas
1013 3730 1073 3765 ”¹⁰¹¹

608 3836 634 3877 27
