2692 4659
246 676 565 729 &Qffiffiffl
591 677 654 718 xllll
682 678 1003 730 VMQQOEQ

245 817 295 868 est
325 808 358 868 in
389 810 528 886 quadam
564 811 701 871 collecta
736 813 1002 888 quadragesimae

244 925 345 983 super
359 909 526 983 populum.
562 907 669 967 Tuere
686 909 827 969 Domine
846 910 1002 985 populum

243 1015 347 1080 tuum,
369 1016 401 1065 et
423 1007 462 1066 ab
485 1006 637 1066 omnibus
659 1007 802 1081 peccatis
824 1008 1004 1068 clementer

243 1104 403 1179 cmunda3
418 1103 495 1180 quia
509 1105 599 1164 nulla
614 1104 643 1163 ei
660 1104 791 1165 nocebit
807 1105 1003 1165 adversitas:

241 1200 271 1259 si
287 1201 379 1260 nulla
394 1202 580 1261 dominetur
594 1202 759 1278 iniquitas.
791 1203 900 1261 Poena
915 1202 1027 1262 enims

242 1316 312 1358 non
328 1298 404 1359 lacit
419 1299 561 1375 aliquem
578 1318 685 1360 reum:
701 1301 760 1360 sed
775 1301 870 1376 culpa
885 1300 1002 1361 iustam

241 1396 345 1472 exigit
373 1413 522 1472 poenam.
566 1398 672 1457 Deum
696 1415 773 1475 ergo
800 1416 876 1474 prae
899 1398 1003 1457 oculis

242 1494 379 1570 habeas,
398 1511 491 1553 orare
507 1494 540 1554 in
555 1495 763 1555 tribulatione
779 1513 844 1556 non
860 1497 1004 1572 omittas;

242 1593 449 1668 temporibus
465 1593 583 1653 debitis
599 1594 778 1671 scripturas
788 1605 918 1654 sanctas
933 1596 1004 1671 lege

241 1692 298 1751 vel
322 1691 445 1752 scribe:
468 1701 503 1752 ut
518 1692 659 1752 taedium
677 1692 785 1751 cordis
801 1692 920 1751 melius
935 1691 1004 1751 vin·
1015 1708 1040 1749 ro

242 1805 311 1847 cas.
344 1788 407 1848 Dat
423 1789 514 1849 Deus
535 1807 635 1866 saepe
657 1790 690 1849 in
714 1807 778 1849 una
800 1791 894 1849 hora:
918 1789 1003 1865 quod

243 1886 277 1945 in
302 1894 370 1945 tota
384 1886 522 1963 denegat
537 1887 729 1963 septimana.
762 1888 947 1962 Numquam
964 1887 1004 1946 de

244 1993 301 2043 tua
323 1984 443 2044 virtute
464 1995 496 2045 et
517 1985 641 2045 iustitia
664 2002 855 2061 praesume;
884 1986 942 2044 sed
965 1986 1005 2044 de

245 2083 473 2143 misericordia
495 2093 527 2142 et
547 2083 691 2143 bonitate
709 2082 770 2142 Dei
786 2081 907 2158 optime
929 2099 1005 2141 con-

245 2181 327 2241 fide:
343 2191 376 2241 et
389 2181 477 2241 inter
490 2199 583 2257 spem
594 2192 627 2241 et
637 2181 898 2256 desperationem
911 2192 1004 2242 caute
1016 2199 1041 2240 ιε

244 2290 277 2339 et
293 2279 436 2338 discrete
451 2279 601 2354 procede.
630 2280 817 2354 Numquam
833 2278 877 2337 ita
892 2279 1005 2339 hilaris

242 2376 290 2435 sis
306 2385 338 2436 et
349 2393 504 2435 securus:
520 2385 556 2436 ut
566 2376 718 2437 timorem
730 2387 762 2436 et
772 2369 1003 2436 verecundiam

241 2493 260 2534 a
282 2485 315 2533 te
337 2474 502 2533 excludas.
546 2474 612 2550 Qui
636 2475 707 2533 Deo
730 2474 799 2534 vult
821 2474 950 2549 placere
972 2482 1004 2533 et

242 2570 429 2647 proximum
452 2572 641 2649 aedificare3
663 2573 760 2632 debet
781 2572 890 2632 omnia
905 2573 1005 2631 verba

242 2686 304 2728 sua
326 2679 359 2727 et
380 2684 490 2728 mores
513 2669 593 2729 loris
623 2680 655 2729 et
682 2670 770 2729 intus
792 2670 898 2730 taliter
920 2670 1040 2729 ordi-20

241 2783 338 2826 nare:
361 2765 455 2841 quasi
478 2767 585 2827 statim
608 2784 718 2827 coram
737 2768 807 2826 Deo
830 2778 862 2827 et
879 2768 1004 2844 angelis

242 2864 316 2923 eius
338 2863 474 2924 deberet
502 2864 713 2939 praesentari.
758 2864 832 2923 Noli
856 2882 932 2940 ergo
956 2882 1004 2924 re·

243 2960 360 3037 ligiose
383 2961 484 3021 frater
504 2961 532 3021 si
555 2961 639 3022 levis
662 2963 765 3022 fueris
787 2972 819 3021 et
834 2979 934 3037 vagus
950 2972 1005 3021 aut

245 3058 417 3133 verbosus,
442 3057 482 3116 de
504 3058 657 3118 exteriori
682 3058 792 3118 habitu
815 3076 923 3118 coram
946 3060 1004 3119 ho·

246 3155 389 3215 minibus
406 3155 499 3231 quasi
515 3165 649 3216 sanctus
664 3157 764 3216 homo
778 3157 926 3233 gloriari:
942 3175 1039 3218 necas

246 3253 284 3311 de
318 3252 429 3329 aliquo
460 3270 560 3328 opere
595 3254 721 3329 privato
752 3255 805 3314 vel
837 3255 1002 3315 communi

247 3350 433 3426 superbire3
462 3350 520 3409 sed
542 3350 651 3425 potius
681 3352 830 3411 inutilem
856 3362 887 3412 te
910 3370 1004 3428 repu-

248 3447 326 3507 tabis
349 3448 376 3507 si
400 3458 489 3507 recte
510 3448 615 3523 sapis:
638 3458 751 3525 utpote
773 3449 828 3525 qui
852 3450 892 3508 de
914 3450 1002 3510 mille

192 3561 194 3666 q
250 3545 375 3604 talentis
396 3544 450 3604 vix
472 3562 574 3605 unum
597 3548 735 3607 reddere
753 3548 890 3607 sufficis
927 3549 1002 3609 Non

192 3691 195 3700 .
252 3656 283 3699 cs
303 3641 376 3701 ideo
399 3652 531 3703 sanctus
561 3654 593 3703 et
614 3661 752 3720 magnus
782 3645 934 3706 dominus
956 3648 1039 3707 di-ao

193 3727 197 3798 ἰ
254 3738 370 3799 cendus
397 3740 474 3816 quia
498 3758 632 3817 cappam
661 3742 751 3819 geris
780 3743 1001 3805 extrinsecus:

198 3885 204 3926 ᾖ
604 3846 642 3888 107

192 4065 207 4208 i
