2692 4659
266 790 392 855 diabolus
423 813 498 855 cum
520 814 604 856 vana
630 797 749 873 gloria,
777 798 913 873 probum
943 798 1000 857 im·

260 906 393 967 pugnans
414 911 474 969 per
500 911 671 970 prospera:
700 895 815 954 volens
843 912 918 954 eum
948 895 1001 954 de·

255 986 351 1064 icere,
378 1000 410 1051 et
432 990 561 1066 privare
588 992 690 1068 gratia
711 1010 729 1052 a
752 993 822 1052 Deo
851 992 912 1051 sibi
938 993 1001 1052 col-

253 1086 320 1147 lata
357 1087 389 1147 Si
412 1105 492 1148 vero
514 1089 548 1148 in
570 1088 701 1165 aliquod
723 1089 837 1149 vitium
860 1107 919 1165 per
940 1089 1001 1148 fra-

247 1185 400 1261 gilitatem
430 1186 530 1247 cadit:
560 1204 635 1246 mox
661 1187 869 1247 adversarius
898 1188 1024 1246 laetuss

247 1284 402 1345 accurrit:
432 1284 642 1361 suggeritque
664 1303 729 1345 non
752 1302 827 1345 esse
849 1302 1001 1361 magnum

246 1383 383 1457 malum,
405 1399 466 1442 nec
487 1382 630 1458 graviter
650 1382 869 1459 puniendum,
891 1384 949 1443 sed
971 1393 1002 1443 et

243 1479 389 1540 breviter
417 1478 637 1539 confitendum
668 1489 699 1539 et
724 1488 817 1539 caute
846 1497 1002 1539 excusan-

242 1578 339 1637 dum:
362 1594 436 1637 cum
452 1576 544 1637 multi
566 1578 642 1638 talia
663 1590 695 1638 et
710 1576 859 1654 graviora
881 1577 1003 1638 faciunt

241 1684 274 1735 et
299 1673 458 1734 fecerunt.
501 1675 555 1735 Sic
578 1677 704 1752 lapsum
731 1674 875 1751 tepidum
898 1675 1002 1735 hostis
1014 1693 1039 1734 ro

241 1772 383 1833 callidus
405 1772 543 1849 decipit3
572 1783 733 1850 quatenus
758 1790 870 1849 parum
894 1772 1003 1849 paeni-

241 1880 327 1944 teat,
359 1870 448 1930 tarde
477 1872 516 1930 ad
544 1872 787 1931 confessionem
818 1880 884 1931 eat:
916 1887 1003 1929 com·

241 1968 414 2028 municare
436 1967 579 2042 differat,
601 1967 787 2028 ministrare
808 1969 935 2043 timeat3
964 1968 1002 2027 ad

242 2065 408 2126 exteriora
429 2082 466 2125 se
482 2076 660 2141 convertat,
682 2067 796 2125 cellam
815 2066 1002 2125 abhorreat:

243 2164 384 2225 fabulari
415 2175 448 2223 et
478 2164 570 2224 otiari
602 2174 754 2240 quaerat,
790 2163 929 2222 debilem
966 2180 1001 2222 se
1014 2180 1039 2219 15

244 2264 362 2339 lingat3
382 2262 571 2322 necessaria
588 2261 722 2336 omittat,
743 2262 849 2320 aliena
870 2260 1003 2322 investi-

243 2370 315 2437 get:
348 2359 457 2419 divina
478 2361 643 2436 neglegat,
671 2369 801 2420 terrena
823 2369 932 2419 mente
955 2376 1003 2418 re·

243 2458 365 2519 volvat.
409 2459 500 2517 Haec
522 2457 631 2517 omnia
659 2458 686 2518 si
710 2458 783 2534 quis
810 2457 1003 2534 tempestive

243 2575 312 2617 non
343 2556 491 2632 expellit:
521 2556 689 2632 graviores
720 2555 838 2615 diaboli
869 2555 1003 2631 laqueos

245 2655 394 2716 incurrit.
438 2655 579 2713 Rursum
609 2654 766 2729 quosdam
795 2654 920 2714 debiles
946 2670 1039 2729 perzo

244 2753 448 2815 iracundiam
480 2762 512 2811 et
542 2752 775 2828 impatientiam
812 2751 941 2811 laedere
973 2762 1004 2811 et

246 2862 456 2929 prosternere
486 2850 628 2926 quaerit3
657 2860 690 2909 et
715 2849 842 2909 modica
870 2866 905 2908 rc
934 2866 1004 2924 per-

247 2951 313 3011 dita
342 2949 394 3009 vel
425 2949 530 3008 ablata
560 2948 730 3008 contristat
761 2958 792 3007 et
823 2947 1003 3023 perturbat:

248 3046 504 3124 indignationem
529 3045 682 3120 suscitat,
711 3044 918 3121 suspiciones
946 3044 1004 3103 im-

250 3145 363 3220 mittit;
393 3145 478 3203 bene
508 3154 600 3220 gesta
631 3144 804 3220 pervertit,
836 3143 916 3203 lalsa
946 3159 1039 3218 prozs

250 3243 337 3304 veris
358 3242 508 3317 seminat,
530 3252 562 3301 et
577 3243 661 3301 mala
678 3259 736 3318 pro
751 3241 846 3301 bonis
868 3240 1004 3299 reddere

252 3342 372 3401 suadet.
396 3340 425 3400 O
441 3340 640 3416 perversitas
651 3340 756 3400 hostis
771 3339 889 3398 dolosi:
906 3356 1005 3414 quan·

253 3446 300 3498 tae
328 3449 404 3498 sunt
432 3438 570 3498 insidiae
600 3449 632 3497 et
653 3437 822 3514 decipulae
850 3447 940 3511 tuae,
972 3436 1004 3495 in

256 3537 338 3596 omni
361 3537 431 3596 loco
454 3547 486 3597 et
507 3546 668 3611 tempore,
691 3535 817 3595 occulte
838 3534 1005 3594 laedentes

257 3643 285 3693 et
304 3633 490 3710 improvise.
527 3633 564 3693 Et
586 3632 660 3709 quis
683 3642 857 3708 cognoscet
879 3649 951 3705 eas;
973 3640 1041 3690 etso

259 3743 420 3791 enumeret
441 3732 583 3791 omnes?
625 3731 723 3790 Solus
745 3731 836 3789 Deus
858 3729 1002 3788 omnium

609 3836 646 3878 117
