2692 4659
570 680 737 733 Epilegomena.

276 816 355 876 mihi
378 831 571 891 persuasum
595 824 654 874 est.
692 813 784 890 Quas
807 812 961 889 quoniam
981 812 1028 871 hic

275 895 462 971 singillatim
492 911 609 954 omnes
636 894 790 970 persequi
820 894 953 970 longum
976 902 1029 966 est,

275 977 450 1037 nonnullas
472 992 584 1035 earum
613 975 762 1035 attulisse
784 974 864 1034 satis
894 974 1030 1033 habebo:

275 1062 325 1132 88,
348 1056 444 1115 1941
470 1056 567 1116 habet
586 1050 671 1130 glou
694 1055 727 1114 N
733 1060 747 1114 1
764 1059 822 1130 gro
832 1059 851 1113 ².
884 1054 950 1131 Qui
973 1055 1031 1113 lec·

276 1137 375 1199 tionis
398 1153 490 1196 error
511 1136 554 1196 ita
576 1146 667 1196 ortus
690 1145 756 1210 est,
783 1145 818 1195 ut
839 1135 993 1195 librarius
1013 1134 1030 1193 l’

276 1235 335 1294 pro
349 1218 507 1277 thaberet
522 1226 619 1292 atque
635 1217 789 1276 lineolam
804 1225 1032 1288 transversam,

277 1316 361 1375 quae
382 1298 416 1357 in
431 1297 482 1356 Ar
507 1314 566 1373 per
587 1297 728 1357 litteram
739 1313 764 1371 p
781 1296 931 1357 vocabuli
951 1312 1033 1371 pere·

276 1379 360 1454 gn'ni
381 1395 480 1453 supra
507 1378 615 1453 ipsum
636 1371 692 1452 glo
720 1394 779 1453 per
807 1377 1032 1453 compendium

278 1459 389 1534 scripti
413 1458 508 1517 ducta
530 1468 597 1533 est,
618 1459 658 1518 ad
680 1476 702 1518 a
724 1457 872 1517 eiusdem
896 1456 1034 1518 nominis

278 1539 443 1616 pertinere
465 1539 662 1615 opinaretur.

323 1623 388 1695 198,
408 1636 422 1676 2
443 1619 477 1680 in
499 1620 551 1679 Nl
584 1637 642 1695 pro
666 1618 745 1679 milti
767 1618 801 1677 in
830 1618 938 1679 solum
963 1617 1036 1677 milri

280 1711 339 1761 est.
387 1699 474 1760 Cum
504 1700 537 1760 in
566 1700 617 1759 ΑΙ
649 1700 692 1761 sit
719 1699 748 1761 rit
778 1700 841 1769 in⁸‚
871 1698 1034 1759 librarium

280 1781 528 1857 dittographiam
560 1781 698 1840 subesse
732 1789 836 1840 ratum
874 1780 908 1839 ἰη
946 1779 1036 1839 facile

280 1861 431 1922 omittere
453 1861 601 1938 potuisse
622 1870 764 1937 apparet.

324 1945 389 2016 199,
410 1960 433 2000 ar
458 1942 508 2001 ΑΙ
534 1942 631 2002 habet
656 1944 883 2017 exposuerat:‚
906 1940 961 1999 Nl
993 1956 1037 1999 ex·

277 2025 473 2098 posuerdtt,
487 2021 541 2082 ubi
552 2021 705 2082 librarius
715 2021 814 2082 simili
830 2031 929 2097 atque
944 2037 1038 2096 supra

281 2120 393 2162 errore
415 2102 560 2164 irretitus
581 2102 734 2162 lineolam
750 2112 973 2162 transversam
994 2101 1038 2161 lit·

281 2193 370 2244 terae
386 2189 486 2243 tcum
498 2184 570 2243 colo
581 2183 784 2259 coniungens
800 2182 917 2242 llexam
929 2182 1037 2242 videre

282 2263 343 2323 sibi
366 2264 459 2323 visus
481 2274 540 2324 cst.

321 2347 391 2417 246,
412 2361 438 2400 22
460 2362 518 2419 pro
540 2343 705 2420 posterius
726 2349 786 2403 out
802 2343 853 2402 Ar
879 2344 978 2403 habet
998 2341 1037 2411 α’,

284 2425 336 2483 Nl
361 2429 394 2483 et
413 2442 515 2499 prono
539 2442 650 2484 errore
672 2425 757 2484 male
779 2425 911 2484 lectum.

322 2517 398 2586 251,
426 2530 450 2570 21
475 2513 589 2587 ”tepis⁴
610 2518 622 2582 ll
645 2513 772 2572 ntorr‘tto’
794 2512 859 2582 Ar,
887 2517 958 2586 tps⁴
981 2527 1039 2571 mo·

285 2592 367 2651 mato
388 2594 453 2664 Nl,
477 2594 531 2669 qui
555 2594 719 2668 lineolam,
741 2611 804 2671 qua
825 2592 952 2653 nomini
970 2598 1038 2652 tem-

281 2674 370 2748 poris
397 2674 430 2733 in
460 2674 605 2751 margine
634 2673 768 2733 sinistro
799 2674 887 2732 iuxta
914 2670 1038 2733 momto'

284 2754 406 2829 scripto
428 2772 509 2814 suus
531 2754 719 2830 adsignatur
740 2755 843 2827 locus,
864 2770 931 2813 non
955 2753 1040 2812 vidit.

324 2838 394 2909 329,
418 2852 442 2892 12
462 2836 584 2909 virgine
598 2834 623 2893 Α
635 2839 662 2904 l,
678 2835 799 2909 virgine
813 2834 874 2893 Nl.
907 2833 995 2894 Cum
1011 2833 1040 2892 in

285 2915 336 2974 Al
368 2932 505 2989 suprae
532 2915 574 2976 sit
603 2915 710 2974 littera
733 2932 757 2989 p
785 2914 875 2974 verbi
905 2917 1044 2989 speraret

286 3012 345 3070 per
366 2996 497 3055 solitum
528 2995 757 3070 compendium
780 2994 911 3070 scripta,
933 2995 967 3054 in
990 2995 1038 3053 Nl

288 3092 379 3135 error
401 3087 495 3135 natus
518 3087 568 3136 est
590 3076 705 3135 eodem
724 3076 830 3150 modo,
852 3092 917 3151 quo
939 3079 990 3149 88,
1012 3091 1041 3132 ro.

327 3167 402 3238 405,
423 3182 437 3221 5
456 3154 490 3223 11·
510 3165 555 3241 (id
584 3175 635 3224 est
662 3165 806 3241 virginis)
827 3164 898 3233 Ar,
928 3165 1016 3223 cristi
1032 3165 1041 3230 ll

287 3245 448 3318 virginis⁶.
492 3245 574 3305 lllud
601 3239 635 3304 15·
664 3246 759 3305 facile
787 3262 845 3321 pro
873 3256 901 3302 x¹
923 3243 968 3319 (id
998 3251 1042 3303 est

291 3325 420 3400 Christi)
442 3325 504 3401 legi
526 3326 639 3401 potuit.

329 3410 398 3480 445,
418 3422 446 3462 2³
458 3407 549 3481 facie
564 3406 628 3476 ΑΙ,
645 3406 767 3482 faciem
782 3406 814 3464 N
821 3410 858 3474 l;
872 3404 948 3465 vide
964 3405 1043 3464 infra

290 3486 541 3546 Adnotationem
569 3486 714 3547 criticam
744 3486 783 3545 ad
812 3486 900 3545 hunc
929 3486 1042 3546 locum.

332 3682 339 3706 ¹
353 3697 379 3714 ε
392 3680 472 3732 gloria.
590 3681 599 3706 ²
613 3697 639 3714 =
652 3680 736 3731 gralia.

331 3736 339 3759 ³
354 3751 379 3768 τε
394 3734 448 3775 milri
462 3734 492 3776 in.
588 3736 597 3759 ⁴
612 3733 655 3773 Per
670 3741 787 3785 utramque
799 3744 814 3783 p
829 3730 912 3774 lineola
927 3733 992 3774 ducta
1005 3738 1041 3772 est.

331 3788 339 3813 ⁶
353 3788 444 3839 virginis
459 3799 499 3839 per
512 3787 671 3839 compendium
691 3788 714 3827 in
730 3786 828 3837 margine
848 3785 987 3839 adscriptum
1004 3790 1041 3825 est.

646 3865 687 3907 486
