2692 4659
236 656 997 710 wffiffiffifflffimffifflw

239 801 372 868 propter
387 792 513 866 Deum,
534 799 570 850 ut
584 800 749 851 mereatur
763 791 884 851 habere
901 791 999 851 bene·

240 888 416 949 dictionem
432 888 625 948 caelestem:
640 898 773 965 propter
782 888 998 949 humilitatem

240 1004 332 1047 suam
355 995 388 1047 et
410 986 648 1047 oboedientiam
680 996 872 1063 promptam.
914 986 998 1047 Nam
1009 1001 1070 1042 nota

242 1084 376 1144 humilis
395 1083 601 1144 oboedientia
615 1083 793 1160 specialem
815 1094 960 1145 meretur
981 1103 1000 1145 a

243 1182 311 1242 Deo
333 1180 487 1258 gratiam3
509 1190 541 1241 et
560 1181 747 1241 defenditur
768 1182 912 1242 amultis
934 1182 1022 1243 dia-5

241 1279 304 1340 boli
327 1278 471 1356 laqueis:
493 1288 525 1339 et
539 1279 748 1340 excusabitur
769 1278 803 1339 in
818 1279 939 1339 iudicio
959 1280 999 1339 de

242 1376 336 1437 malis
365 1376 427 1439 sibi
457 1377 594 1438 obiectis
623 1388 655 1438 et
684 1377 831 1437 offensis.
875 1377 998 1437 idcirco

242 1492 318 1551 rogo
333 1492 395 1535 vos
410 1474 557 1536 iuniores
579 1475 687 1536 audite
710 1475 877 1536 humiliter
892 1475 998 1535 senio-

242 1590 293 1633 res
316 1573 372 1650 qui
396 1573 517 1633 habent
546 1575 673 1650 longam
704 1573 936 1650 experientiam
965 1573 997 1634 in

242 1671 370 1747 multis;
401 1671 456 1747 qui
488 1670 543 1731 diu
574 1680 786 1748 portaverunt
816 1671 848 1731 in
885 1671 999 1732 ordine
1011 1690 1035 1733 to

241 1770 370 1845 pondus
391 1768 456 1829 diei
479 1779 511 1829 et
532 1778 659 1830 aestus:
682 1786 780 1847 saepe
797 1786 933 1846 corpore
956 1770 1000 1829 la-

241 1867 329 1946 tigati
359 1884 459 1944 saepe
487 1877 597 1928 mente
625 1867 749 1927 afflicti.
792 1868 885 1944 Quos
908 1868 1000 1928 Deus

241 1966 370 2027 fortiter
399 1965 547 2041 probavit
577 1966 610 2026 in
642 1965 770 2026 camino
797 1950 1000 2042 'paupertatis

239 2073 405 2141 tamquam
422 2080 536 2123 aurum
559 2063 593 2123 in
610 2064 741 2124 fornace
758 2063 858 2140 ignis3
881 2073 913 2124 et
927 2073 1000 2140 post

238 2161 370 2237 longam
391 2160 533 2221 inediam
556 2170 588 2221 et
602 2160 784 2237 angustiam
801 2162 908 2222 cordis
924 2179 1034 2225 con-1⁵

237 2261 365 2320 solatus
394 2269 445 2319 est
474 2275 531 2319 eos
561 2259 694 2336 saepius
717 2259 835 2337 gaudio
858 2258 998 2336 Spiritus

237 2356 345 2417 sancti
357 2367 389 2417 et
400 2356 575 2417 dulcedine
587 2356 805 2417 Sacramenti:
821 2356 906 2416 sicut
921 2356 997 2416 olim

238 2456 274 2515 in
296 2455 428 2515 deserto
451 2454 536 2514 lilios
558 2455 658 2515 lsrael
680 2455 768 2531 pavit
790 2471 908 2514 manna
929 2471 999 2513 cae·

237 2552 327 2612 lesti.

283 2649 416 2726 Legitur
443 2650 476 2709 in
506 2649 611 2726 primo
637 2649 719 2708 libro
744 2649 884 2725 Regum,
913 2650 1035 2726 quod20

239 2747 374 2808 Samuel
407 2764 502 2808 carus
524 2748 595 2807 Deo
626 2757 658 2807 et
688 2747 893 2822 hominibus,
925 2765 1113 2815 cumsflmuer

240 2845 348 2905 adhuc
364 2855 453 2905 esset
468 2845 636 2921 puerulus,
658 2862 676 2905 a
691 2854 802 2905 sancta
817 2855 919 2906 matre
941 2863 1000 2905 sua

240 2942 339 3004 Anna
361 2944 432 3003 Deo
454 2942 581 3002 oblatus
604 2951 663 3017 est,
686 2951 718 3002 et
740 2942 816 3002 Heli
839 2942 998 3002 sacerdoti

240 3041 280 3101 ad
305 3039 520 3101 erudiendum
543 3040 807 3116 commendatus3
839 3049 999 3116 quatenus

241 3139 316 3199 eius
347 3137 535 3214 magisterio
566 3155 585 3197 a
619 3138 758 3213 pueritia
793 3148 1035 3199 assuesceretzs

242 3237 315 3296 Deo
337 3235 369 3295 in
393 3236 601 3296 tabernaculo
618 3236 729 3296 altaris
744 3236 911 3296 humiliter
932 3253 999 3295 ser-

240 3333 329 3393 vire:
351 3343 384 3394 et
405 3334 587 3395 secundum
610 3335 714 3411 legem
732 3334 793 3394 Dei
815 3334 910 3394 bonis
932 3353 998 3395 mo-

241 3432 333 3492 ribus
364 3431 404 3491 ad
435 3432 549 3492 altiora
579 3441 611 3493 et
640 3433 816 3494 sacratiora
844 3433 1000 3509 capienda

240 3530 396 3607 paulatim
419 3530 602 3607 proliceret.
633 3530 731 3607 Quod
753 3542 785 3592 et
808 3532 927 3592 lactum
950 3542 1000 3592 est

242 3629 314 3688 Deo
337 3628 478 3689 feliciter
499 3639 673 3690 annuente.
710 3630 775 3706 Qui
799 3630 831 3690 in
847 3630 1035 3691 omnibusao

240 3727 377 3803 agendis
412 3736 445 3787 et
481 3727 692 3787 consulendis
732 3728 892 3789 sacerdoti
928 3745 999 3803 suo,

606 3830 634 3873 25
