2692 4659
262 661 1027 715 mmmmmemstwroeoaasmasaaoso

265 812 344 855 eum
362 794 395 854 in
408 794 553 855 veritate.
585 793 791 871 Agnoscatur
806 787 903 871 igitur
918 794 951 854 in
966 795 1026 853 hac

266 892 401 953 infirma
424 891 544 953 famula
559 893 620 952 Dei
643 901 775 969 operata
796 893 972 953 Divinitas:
996 902 1027 952 et

267 988 400 1049 desinat
435 988 584 1049 diffidere
626 992 769 1050 humana
811 990 1026 1051 imbecillitas.

268 1088 366 1164 Quae
388 1087 464 1147 dum
494 1087 634 1163 propriis
662 1086 871 1163 opinionibus
898 1105 957 1164 per
977 1105 1025 1147 ra·

267 1186 380 1245 tiones
402 1185 567 1244 naturales
589 1184 749 1261 innititur,
771 1184 804 1244 in
819 1204 878 1246 sua
893 1185 1050 1246 investi-s

268 1283 402 1360 gatione
424 1282 618 1359 plerumque
641 1283 751 1343 delicit
773 1293 805 1343 et
827 1291 1028 1343 excaecatur.

270 1383 421 1442 Necesse
450 1390 500 1440 est
529 1380 616 1440 enim
647 1381 805 1441 naturalia
831 1380 929 1440 silere
952 1380 1027 1439 dum

269 1478 383 1540 divina
406 1478 599 1554 loquuntur:
616 1487 648 1537 et
662 1487 792 1538 terrena
814 1476 1030 1536 succumbere

271 1594 348 1637 cum
366 1575 520 1636 caelestia
535 1585 722 1636 tractantur.
753 1576 817 1636 lsta
832 1575 929 1652 igitur
938 1575 1029 1651 virgo

270 1676 386 1735 iacens
408 1673 592 1734 diutissime
614 1674 648 1733 in
668 1674 787 1733 lectulo
809 1673 942 1748 doloris,
963 1690 1064 1733 nonio

271 1783 323 1835 est
347 1772 448 1832 oblita
470 1772 521 1832 sui
539 1771 725 1847 Creatoris3
747 1773 805 1831 sed
828 1789 953 1831 mernor
974 1789 1030 1831 no-

271 1871 374 1932 minis
391 1868 523 1930 Domini
546 1869 599 1929 die
615 1886 652 1929 ac
674 1880 780 1944 nocte,
802 1869 890 1929 dedit
912 1886 948 1929 se
970 1869 1031 1929 fer·

271 1968 439 2029 venterad
450 1984 560 2027 sacras
571 1967 840 2027 meditationeset
851 1967 1030 2028 orationes:

270 2077 305 2128 et
337 2065 515 2143 praecipue
551 2075 699 2141 tempore
730 2064 830 2124 divini
868 2063 967 2124 oflicii
999 2074 1031 2124 et

271 2181 424 2225 summae
436 2163 556 2223 missae
567 2163 807 2223 celebrationis.
830 2162 923 2222 Vnde
935 2179 1030 2238 quam
1042 2179 1067 2221 rs

271 2262 404 2323 fortiter
425 2270 538 2320 contra
568 2259 820 2320 somnolentiam
843 2259 978 2319 certavit
1000 2268 1032 2318 et

271 2359 370 2421 vicit:
400 2358 533 2435 dignum
564 2367 614 2417 est
643 2357 770 2432 dicere,
799 2366 831 2416 et
853 2356 1030 2416 iucundum

269 2457 398 2519 audire.
441 2456 517 2515 Mos
547 2455 724 2515 multorum
758 2454 927 2514 hominum
957 2471 1032 2514 esse

270 2557 375 2631 solet,
397 2565 433 2615 ut
454 2554 495 2614 de
516 2552 735 2613 somnolentia
762 2561 908 2628 tempore
930 2551 1031 2611 divini

272 2654 376 2716 olticii
400 2652 502 2729 magis
525 2660 733 2727 temptentur,
755 2650 826 2710 sive
849 2666 888 2709 ex
903 2650 1068 2725 propriam

273 2749 466 2828 fragilitate,
494 2748 565 2808 sive
594 2765 634 2808 ex
656 2747 775 2807 diaboli
805 2747 1031 2824 suggestione:

272 2849 329 2926 qui
367 2863 500 2922 semper
531 2845 644 2906 nititur
675 2847 837 2904 humanae
873 2844 969 2904 saluti
1001 2855 1033 2905 et

273 2944 406 3007 devotis
421 2942 622 3004 orationibus
644 2942 820 3001 adversari.
853 2942 939 3003 Cum
956 2960 1032 3019 ergo

274 3042 404 3105 Christi
441 3040 601 3117 discipula
632 3040 726 3099 docta
762 3039 894 3115 saepius
930 3058 1033 3116 orare,

272 3141 350 3219 plus
381 3139 478 3200 solito
510 3138 646 3198 sentiret
678 3137 792 3213 spiritu
825 3137 972 3213 pigritiae
1001 3149 1068 3201 etas

272 3238 516 3300 somnolentiae
547 3247 694 3312 tempore
726 3236 827 3296 divini
865 3236 964 3296 oflicii
996 3255 1033 3296 se

270 3335 402 3415 gravari
435 3344 467 3396 et
498 3334 666 3411 temptari3
697 3335 773 3395 licet
794 3334 888 3394 valde
919 3352 1032 3410 parum

272 3448 354 3496 tunc
384 3432 543 3509 temporis
565 3432 707 3492 dormire
730 3432 870 3492 solebat:
893 3431 1034 3508 graviter

271 3544 387 3594 tamen
409 3548 511 3607 super
525 3530 714 3590 huiusmodi
737 3529 948 3606 temptatione
971 3538 1033 3588 tor·

271 3630 377 3710 poris,
406 3629 493 3689 intra
515 3645 552 3688 se
574 3628 687 3704 doluit,
710 3645 770 3688 nec
793 3628 822 3687 ei
846 3626 1070 3689 consentirem

269 3728 425 3791 audebat.
448 3725 583 3786 Timens
598 3743 675 3803 ergo
687 3725 858 3785 confessor
868 3723 940 3785 eius
950 3724 1034 3800 peri-

636 3832 677 3873 aaa
