2692 4659
358 667 519 719 &mm
547 666 709 708 SERMONES
724 666 764 707 ΑΙ)
781 666 930 709 novtctos
955 667 1120 719 Q&

358 799 493 876 gloriam
525 810 701 859 aeternam.
751 800 867 860 Doleat
895 818 932 860 se
961 818 1119 876 peccasse

360 907 391 957 et
413 898 523 958 minus
544 897 705 975 patienter
720 908 941 974 contemptum
964 899 1014 958 sui
1038 900 1119 959 tole·

360 1012 468 1071 rasse3
499 1006 531 1056 et
552 997 592 1056 de
614 996 767 1055 omnibus
789 995 927 1056 offensis
948 997 1120 1057 humiliter

359 1094 488 1153 veniam
520 1102 623 1168 petat:
655 1103 687 1154 et
717 1093 808 1153 Deus
839 1093 979 1154 libenter
1007 1093 1119 1154 omnia

336 1192 421 1252 ssibi
445 1191 593 1252 dimittet.

401 1290 518 1350 Dilecti
537 1290 654 1350 fratres
676 1308 741 1350 non
760 1290 953 1367 desperetis,
975 1307 1036 1349 nec
1053 1308 1119 1350 ma-

360 1388 400 1448 lis
433 1389 515 1447 mala
550 1388 714 1450 adiciatis:
750 1389 808 1448 sed
844 1388 951 1448 statim
987 1389 1118 1465 quando

360 1486 561 1545 conscientia
583 1503 642 1545 vos
664 1495 806 1561 accusat,
835 1487 874 1546 ad
897 1486 1119 1547 confessionis

361 1584 541 1643 remedium
574 1584 747 1644 festinetis,
799 1584 896 1645 Solus
928 1585 1019 1644 Deus
1051 1596 1119 1645 est:

327 1682 513 1758 1oinquem
543 1692 711 1758 peccatum
741 1699 807 1742 non
836 1682 929 1743 cadit.
972 1683 1056 1742 Nam
1084 1683 1118 1742 in

361 1780 485 1856 angelis
497 1779 567 1839 suis
578 1781 721 1856 repperit
732 1782 939 1856 pravitatem3
955 1792 986 1841 et
1001 1798 1119 1857 magna

361 1896 436 1954 pars
458 1894 571 1937 eorum
595 1878 635 1938 de
658 1880 749 1938 caelo
772 1878 890 1938 cecidit
918 1895 977 1954 per
1004 1896 1119 1955 super-

361 1976 463 2036 biam:
497 1976 572 2052 quia
603 1977 643 2036 de
672 1976 768 2036 donis
799 1976 861 2036 sibi
894 1975 1020 2036 collatis
1052 1994 1119 2037 non

362 2075 521 2135 dederunt
538 2074 608 2133 Deo
630 2074 777 2150 gloriam.
810 2074 940 2133 Primus
962 2074 1061 2133 homo
1085 2075 1117 2133 in

329 2171 511 2248 rsparadiso
536 2182 711 2247 temptatus
742 2183 792 2232 est
820 2182 852 2232 et
881 2172 1054 2247 deceptus:
1086 2179 1119 2231 et

362 2279 494 2345 propter
521 2270 783 2329 inoboedientiae
814 2270 941 2344 culpam
974 2269 1013 2328 de
1045 2269 1118 2329 loco

361 2367 536 2444 voluptatis
567 2368 693 2427 eiectus
722 2367 782 2426 fuit
812 2366 845 2425 in
877 2366 975 2426 huius
1003 2366 1118 2426 mundi

362 2465 537 2525 miseriam.
588 2464 677 2542 Quid
706 2481 782 2540 ergo
812 2463 929 2523 mirum
962 2464 988 2523 si
1019 2464 1120 2524 frater

361 2562 479 2638 aliquis
495 2562 618 2638 fragilis
636 2581 654 2622 a
669 2562 796 2622 diabolo
820 2572 851 2621 et
867 2579 963 2622 carne
978 2562 1122 2638 graviter

325 2670 553 2735 atemptatus,
581 2662 634 2719 vel
664 2678 682 2719 a
710 2660 821 2719 multis
850 2678 907 2736 pro
938 2660 1032 2736 culpa
1060 2678 1122 2720 sua

362 2758 548 2833 increpatus
577 2758 772 2834 quandoque
801 2767 904 2831 erret,
935 2767 967 2817 et
995 2768 1121 2833 peccet,

361 2865 416 2914 aut
441 2856 616 2931 impatiens
645 2855 715 2930 liat3
747 2855 875 2931 quando
904 2856 1002 2913 homo
1033 2855 1120 2915 bene

362 2953 512 3013 conditus
535 2953 567 3012 in
584 2952 733 3028 paradiso
750 2952 876 3026 cecidit,
899 2952 953 3011 ubi
971 2962 1017 3012 tot
1032 2969 1121 3011 com-

361 3051 456 3110 moda
478 3060 510 3110 et
524 3052 613 3110 nulla
628 3050 834 3109 incommoda
848 3049 986 3110 habuit?
1022 3050 1120 3110 Multi

326 3148 436 3208 asboni
461 3158 492 3208 et
514 3148 589 3208 iusti
613 3146 673 3206 viri
698 3146 830 3206 luerunt
858 3147 891 3206 in
913 3146 1017 3205 veteri
1047 3147 1121 3224 lege

362 3245 493 3321 saepius
515 3244 660 3319 temptati
684 3254 715 3304 et
730 3243 836 3304 vexati
859 3261 876 3303 a
898 3244 993 3303 malis
1015 3244 1121 3304 homi-

361 3343 474 3417 nibus3
496 3343 554 3402 sed
577 3342 736 3417 patienter
757 3342 861 3401 malos
876 3341 1120 3402 sustinuerunt:

362 3452 396 3501 ut
411 3440 566 3500 meliores
580 3457 639 3516 per
653 3440 790 3499 adversa
806 3439 931 3500 fierent.
963 3440 1120 3517 Quando-

362 3556 426 3615 que
448 3555 526 3598 vero
549 3555 607 3614 per
629 3537 829 3597 voluntatem
854 3536 915 3596 Dei
945 3538 1040 3597 malis
1070 3556 1121 3598 re-

325 3657 353 3697 ao
363 3636 528 3711 stiterunt3
550 3646 582 3696 et
597 3635 715 3696 iustam
730 3634 905 3695 vindictam
922 3634 1032 3711 impiis
1048 3636 1121 3696 red-

362 3733 529 3793 diderunt:
545 3750 586 3793 ne
601 3732 678 3792 boni
695 3732 844 3808 oppressi
860 3732 894 3793 in
909 3732 1120 3795 tribulatione

726 3838 753 3878 42
