2692 4659
376 696 537 748 &mem
565 695 728 737 sermones
743 696 783 737 nn
800 695 949 738 novicios
975 698 1145 750 {emm

377 845 587 888 consumere:
603 839 636 889 et
650 828 749 889 vitam
761 839 925 890 aeternam
937 847 996 905 pro
1007 831 1142 891 modico

376 926 614 987 delectamento
643 927 824 1003 despicere.
868 927 1058 1003 Recogitate
1081 929 1141 988 im·

376 1041 523 1084 mensam
552 1025 729 1086 bonitatem
753 1025 879 1087 Christi
909 1042 1009 1101 super
1040 1043 1138 1086 omne

374 1138 479 1198 genus
494 1123 673 1183 humanum
692 1133 811 1200 quanta
825 1125 911 1183 bona
925 1123 1003 1183 fecit
1017 1134 1138 1200 quanta

351 1220 459 1278 smala
487 1221 635 1297 pertulit:
665 1232 698 1282 et
727 1239 822 1298 quam
853 1238 969 1297 magna
990 1222 1136 1297 praemia

374 1318 488 1378 electis
517 1318 587 1378 suis
616 1329 690 1395 post
718 1319 817 1379 huius
846 1320 931 1379 vitae
956 1320 1132 1380 certamina

374 1417 532 1493 promisit.
547 1474 549 1481 ,
565 1418 692 1477 Habete
715 1419 832 1477 bonam
851 1416 1002 1477 fiduciam
1019 1418 1053 1477 in
1070 1420 1130 1478 Do·

373 1515 462 1575 mino
493 1532 641 1593 semper3
669 1526 702 1576 et
731 1516 769 1575 ad
798 1514 953 1575 auxilium
985 1516 1125 1576 divinum

373 1614 406 1673 in
429 1615 516 1674 omni
540 1614 738 1674 necessitate
759 1614 933 1673 recurrite:
956 1614 1038 1674 etin
1054 1624 1126 1675 tem·

338 1727 451 1787 ropore
480 1711 699 1772 tribulationis
726 1711 826 1771 nolite
849 1711 1042 1787 desperare,
1070 1726 1122 1770 nec

372 1810 411 1869 ab
443 1810 589 1870 oratione
621 1826 761 1869 cessare.
809 1808 957 1886 Capiatis
987 1808 1120 1869 notabile

373 1908 558 1983 exemplum
575 1907 749 1984 patientiae
765 1916 796 1967 et
811 1907 1074 1982 perseverantiae
1086 1905 1119 1965 de

372 2015 484 2065 sancta
497 2004 625 2081 Agnete
640 2004 766 2082 virgine
782 2005 908 2067 Christi
926 2015 958 2065 et
973 2015 1118 2082 martyre:

371 2119 507 2178 corpore
534 2103 666 2178 quidem
689 2103 879 2176 iuvencula,
901 2103 1010 2162 animo
1033 2115 1118 2172 cana3

337 2218 361 2259 rs
371 2209 493 2259 statura
514 2199 657 2275 parvula,
682 2199 808 2259 meritis
830 2217 955 2276 magna,
977 2217 1057 2259 sexu
1078 2198 1118 2257 in·

372 2296 479 2371 firma,
509 2296 571 2356 tide
599 2295 792 2355 fortissima:
821 2297 969 2356 vestibus
991 2297 1119 2372 spoliata

370 2394 545 2455 virtutibus
574 2404 702 2469 ornata3
731 2411 814 2470 quae
843 2406 877 2454 ut
906 2394 1068 2456 diabolum
1091 2399 1121 2452 et

370 2492 507 2551 comites
532 2492 604 2550 eius
625 2491 788 2551 vinceret:
817 2491 856 2550 ad
879 2491 1051 2553 Christum
1072 2490 1122 2550 de-

370 2590 455 2649 votis
466 2598 497 2649 et
508 2589 632 2649 sedulis
643 2589 796 2665 precibus
807 2590 1007 2650 convolabat.
1026 2590 1124 2651 Cum·

333 2704 433 2764 coque
456 2688 598 2746 humana
620 2685 727 2746 rabies
747 2703 812 2745 non
828 2698 973 2748 cessaret
988 2688 1046 2748 sed
1061 2686 1124 2747 dia·

368 2786 442 2844 bolo
465 2784 639 2862 instigante
662 2785 769 2860 ignem
794 2784 962 2860 copiosum
983 2793 1126 2862 pararet3

369 2883 439 2959 ipsa
461 2882 621 2958 intrepida
642 2899 780 2942 manens
802 2882 835 2941 in
858 2882 965 2944 medio
985 2883 1127 2945 flamma*

369 2997 451 3055 rum,
471 2980 624 3056 expansis
639 2980 790 3039 manibus
806 2981 931 3040 orabat:
955 2981 1127 3043 Christum

369 3079 467 3138 corde
490 3090 521 3138 et
536 3095 592 3138 ore
608 3078 773 3154 laudabat3
795 3088 891 3154 atque
907 3096 965 3155 per
980 3074 1128 3158 martyrii

331 3177 506 3251 aspalmam
530 3177 568 3236 ad
591 3193 749 3252 sponsum
769 3194 865 3236 suum
882 3177 1055 3252 pervenire
1070 3194 1129 3252 opt

368 3273 468 3334 tabat:
500 3292 597 3351 quem
629 3292 730 3351 super
760 3275 869 3335 omnia
899 3276 1128 3336 sincerissimo

367 3389 479 3432 amore
501 3373 662 3449 diligebat.
696 3373 774 3432 Plus
790 3372 877 3432 enim
894 3372 995 3433 valuit
1010 3373 1133 3449 ingens

367 3487 458 3530 amor
473 3469 598 3531 Christi
615 3470 648 3530 in
664 3471 735 3530 sola
749 3469 853 3547 fragili
869 3471 1013 3547 virgine:
1028 3485 1129 3548 quant

367 3567 558 3645 tyrannicus
580 3568 671 3628 furor
693 3578 835 3628 armatus
856 3569 963 3645 gladio
986 3580 1018 3629 et
1039 3570 1129 3645 igne.

330 3665 492 3726 soldcirco
515 3666 794 3742 speciosissimam
817 3668 900 3726 hanc
923 3685 1053 3728 auream
1070 3683 1133 3726 co*

367 3780 480 3822 ronam
503 3781 577 3824 cum
600 3765 704 3824 tribus
727 3764 851 3824 floridis
866 3765 964 3825 sertis
979 3774 1134 3825 ornatam

724 3868 764 3909 268
