2692 4659
245 608 568 662 mmm
603 609 652 652 xix
684 610 1005 663 mmmm

245 744 414 819 propheta,
437 743 590 803 admonet
605 743 738 803 desides
760 752 791 803 et
807 745 924 805 molles
939 745 1006 805 ani·

246 858 320 901 mos
348 841 386 900 ad
419 841 599 901 custodiam
631 841 852 902 conscientiae
884 842 1007 902 dicens.

247 937 299 997 Ab
321 954 465 1013 eaquae
487 938 606 997 dormit
627 938 661 997 in
684 938 758 997 sinu
781 947 853 998 tuo:
880 940 1006 1000 custodi

248 1036 391 1095 claustra
413 1036 480 1096 oris
502 1037 558 1097 tui.
591 1038 663 1097 Hoc
679 1046 729 1096 est
751 1054 866 1097 omnes
888 1054 1008 1097 sensus

248 1132 398 1209 corporis
420 1133 465 1193 tui
489 1134 606 1194 cohibe
626 1134 763 1194 firmiter
785 1134 945 1210 exterius3
968 1152 1031 1194 nes

248 1248 339 1291 mors
361 1230 460 1291 intret
482 1248 540 1307 per
555 1231 701 1307 corporis
718 1231 879 1291 fenestras
901 1232 940 1291 ad
962 1231 1009 1291 in-

247 1330 369 1389 teriora
392 1328 517 1389 cordis:
547 1339 578 1389 et
601 1329 750 1389 diabolus
778 1339 811 1390 te
833 1338 939 1405 captet
961 1346 1009 1388 re-

248 1427 336 1487 tibus
359 1425 441 1485 suis,

291 1525 421 1583 Fratres
444 1522 471 1583 si
487 1523 625 1582 viriliter
646 1523 741 1599 agitis
764 1533 796 1583 et
815 1524 957 1599 certatis
979 1533 1010 1584 et

250 1622 424 1684 Christum
457 1622 489 1682 in
521 1622 716 1681 adiutorium
747 1633 892 1683 vestrum
921 1624 1048 1683 inve-10

250 1720 351 1796 catis3
383 1721 484 1779 multo
515 1720 589 1796 plus
620 1720 652 1779 in
686 1720 748 1780 isto
783 1721 869 1781 bello
905 1721 1012 1781 carnis

251 1817 392 1895 potestis
414 1817 527 1894 utique
548 1818 746 1893 promereri:
769 1836 865 1895 quam
888 1818 915 1878 si
932 1818 1013 1878 nihil

251 1914 422 1993 gravitatis
452 1916 485 1974 in
514 1915 608 1974 vobis
637 1914 814 1975 sentiretis.
858 1915 1013 1975 Habeatis

252 2029 333 2089 ergo
355 2029 488 2087 semper
508 2012 625 2072 bonam
649 2012 800 2073 fiduciam
823 2013 855 2073 in
873 2014 960 2072 Deo:
983 2022 1014 2072 et

253 2126 321 2169 non
344 2109 510 2169 desistatis
532 2127 643 2184 orare,
671 2120 704 2170 et
725 2119 838 2170 contra
859 2110 937 2170 vitia
958 2128 1015 2186 pu·
1026 2125 1050 2165 15

252 2224 365 2284 gnare.
416 2207 521 2266 Multa
555 2207 688 2283 quidem
724 2217 756 2267 et
787 2225 902 2284 magna
931 2208 1016 2267 bona

254 2307 356 2365 latent
380 2304 412 2363 in
435 2306 497 2364 hoc
526 2304 722 2365 certamine:
751 2322 835 2381 quae
858 2305 928 2365 Deo
951 2306 1016 2380 pla-

255 2411 333 2462 cent
363 2402 395 2461 in
429 2401 533 2478 fragili
557 2419 664 2462 carne.
709 2403 886 2479 Recipietis
908 2413 1015 2463 autem

254 2499 399 2559 maxima
421 2499 565 2575 praemia
587 2517 660 2559 cum
685 2511 773 2560 certa
801 2518 860 2576 spe
889 2500 1016 2560 futurae

252 2596 378 2673 gloriae
401 2614 420 2655 a
441 2596 527 2657 iusto
544 2596 662 2673 iudice,
685 2597 780 2657 etiam
804 2616 861 2674 pro
884 2598 1052 2658 minimam

254 2693 366 2754 cordis
389 2693 595 2769 contritione,
618 2704 649 2755 et
671 2696 818 2771 corporis
839 2695 1017 2771 qualicum-

254 2809 321 2868 que
343 2791 435 2851 brevi
459 2791 581 2851 dolore,
625 2791 858 2853 Laetificabunt
888 2810 1017 2869 quoque

254 2889 435 2967 plurimum
465 2890 590 2951 animas
619 2900 749 2951 vestras
777 2891 809 2950 in
840 2889 904 2949 tine
933 2889 1018 2950 vitae

255 2997 388 3048 vestrae
425 2988 534 3046 omnia
568 2989 757 3065 gravamina
795 3006 853 3064 pro
891 2987 1017 3049 Christi

255 3103 369 3146 amore
392 3085 544 3145 tolerata:
566 3086 651 3146 sicut
668 3087 712 3147 ait
728 3087 886 3163 quaedam
903 3087 1019 3146 devota
1027 3102 1055 3143 25

256 3200 352 3243 soror
380 3181 414 3241 in
444 3200 547 3258 agone
570 3183 755 3244 constituta.
799 3184 862 3243 Hic
886 3200 1019 3259 perpes·

256 3296 331 3340 sum
355 3288 415 3353 est,
438 3279 491 3339 hic
514 3290 671 3341 certatum
694 3291 760 3341 est:
790 3281 885 3340 modo
915 3281 1019 3357 pergi·

258 3388 311 3438 tur
332 3378 372 3437 ad
388 3378 578 3453 praemium.
614 3378 703 3455 Quid
719 3379 811 3454 plura
826 3378 930 3438 dicam
953 3379 1020 3438 bel-

259 3475 401 3535 lantibus
431 3485 543 3536 contra
574 3493 705 3536 carnem
737 3476 857 3536 suam?
900 3474 1020 3537 Omnia

259 3590 486 3650 quaecumque
509 3573 615 3634 facitis
638 3590 678 3633 ex
701 3574 820 3634 virtute
845 3574 1057 3634 oboedienao

262 3671 340 3747 tiae,
368 3673 421 3732 vel
451 3689 534 3748 quae
563 3672 735 3732 sustinetis
763 3672 797 3731 in
826 3672 940 3732 ordine
962 3689 1020 3747 pro

620 3776 657 3818 ror
