2692 4659
369 699 531 751 &ww
558 698 721 742 SERMONES
735 701 776 741 Ab
792 699 941 742 NOVlClOS
967 702 1132 755 ἵῷωξῑξῇ

371 833 475 892 simus
486 832 1001 894 fitomniumservorumsuorum
1012 852 1131 896 servus

371 930 520 991 iniimus:
542 931 628 1007 quod
649 948 777 990 summa
792 930 945 991 maiestas
960 931 1132 993 inclinavit

371 1046 407 1088 se
423 1039 539 1105 sponte
555 1028 640 1089 inira
655 1029 806 1089 homines
822 1028 989 1105 simplices
1005 1040 1039 1090 et
1054 1048 1131 1107 pau-

371 1144 467 1203 peres
489 1144 568 1187 suos
590 1125 819 1187 conmensales
841 1126 964 1187 dicens.
1006 1128 1074 1205 Ego
1098 1129 1130 1189 in

348 1226 479 1286 smedio
495 1226 596 1285 vestri
609 1225 694 1285 sicut
704 1225 759 1301 qui
771 1224 947 1300 ministrat3
962 1226 1129 1287 nonenim

371 1323 446 1383 veni
469 1323 662 1384 ministrari:
692 1324 750 1383 sed
773 1324 967 1384 ministrare.
1012 1324 1047 1384 Si
1070 1341 1130 1401 ego

372 1421 534 1480 Dominus
556 1429 588 1480 et
610 1421 764 1498 magister
785 1430 895 1481 vester
916 1430 1047 1481 vestros
1066 1421 1129 1482 lavi

372 1518 489 1594 pedes:
512 1528 543 1579 et
558 1536 618 1579 vos
634 1520 760 1580 debetis
775 1519 856 1579 alter
871 1519 1005 1579 alterius
1020 1520 1129 1580 lavare

372 1617 482 1693 pedes.
510 1617 599 1694 Quid
615 1619 689 1695 plus
700 1617 869 1678 Domine?
890 1615 985 1677 Alius
996 1635 1056 1693 pro
1067 1618 1129 1678 alio

337 1731 464 1774 roorare
481 1714 590 1790 debet3
607 1715 757 1790 exemplo
773 1715 946 1789 instruere,
961 1715 1127 1776 neminem

371 1813 518 1873 laedere:
541 1812 694 1873 omnibus
715 1812 911 1873 benefacere
933 1812 1029 1872 velle.
1073 1811 1127 1872 Isti

372 1911 470 1971 flores
488 1910 650 1971 fraternae
665 1910 904 1986 compassionis
920 1918 952 1969 et
967 1909 1040 1986 piae
1056 1909 1127 1969 suo

371 2009 536 2070 ventionis
553 2008 647 2068 valde
663 2017 779 2067 ornant
794 2024 946 2067 coronam
963 2008 1126 2084 virgineae

372 2106 521 2183 puritatis
543 2115 575 2166 et
596 2106 695 2166 vitam
719 2106 890 2183 religiosae
910 2106 1124 2167 conversatio·

338 2204 441 2265 isnis:
473 2215 538 2265 tam
570 2203 602 2263 in
634 2203 907 2280 contemplatione
938 2203 1121 2263 caelestium

373 2312 574 2362 secretorum
597 2318 694 2377 quam
716 2301 749 2360 in
772 2301 957 2362 visitatione
975 2302 1121 2379 languen-

372 2400 452 2461 tium
475 2399 707 2476 proximorum.
736 2397 827 2458 Tunc
849 2399 936 2458 enim
953 2398 1052 2459 flores
1066 2398 1121 2458 vir·

372 2508 477 2559 tutum
506 2498 591 2558 inter
620 2497 736 2557 iratres
765 2496 900 2556 suavius
929 2497 1077 2557 redolent
1095 2502 1120 2553 et

373 2596 507 2657 uberius
532 2603 700 2670 crescunt,
730 2611 803 2653 cum
827 2595 965 2654 devotus
988 2604 1120 2655 contern-

336 2709 363 2751 20
373 2695 477 2771 plator
491 2693 656 2770 angelicos
672 2693 804 2752 ordines
820 2692 859 2751 ad
870 2694 984 2752 horam
996 2689 1119 2752 deserit:

373 2802 404 2853 et
419 2793 458 2852 ad
474 2790 684 2851 serviendum
700 2790 839 2850 infirmis
854 2800 886 2850 et
901 2789 1015 2866 egenis
1027 2790 1119 2849 laetus

373 2890 507 2965 accedit,
531 2888 623 2965 quasi
647 2888 818 2949 Christum
842 2887 875 2947 in
898 2888 1061 2963 praesenti
1083 2882 1119 2945 vi·

373 2988 474 3047 deret.
505 2986 591 3048 Cum
616 2986 712 3046 etiam
729 2986 897 3046 studiosus
913 2985 1016 3046 lector
1031 2984 1120 3058 scrip·

373 3094 518 3144 turarum
550 3094 604 3142 aut
635 3083 774 3160 diligens
806 3084 945 3159 scriptor
974 3084 1119 3144 librorum

337 3191 507 3242 2⁵vocatus
537 3181 683 3241 codicem
713 3181 832 3241 claudit
861 3192 892 3241 et
920 3198 1061 3258 pennam
1089 3178 1120 3239 de

374 3297 471 3339 manu
487 3279 591 3355 ponit3
612 3288 643 3339 et
658 3279 697 3338 ad
713 3295 830 3338 sonum
847 3279 1008 3354 pulsantis
1024 3277 1120 3340 statim

373 3376 476 3452 surgit
500 3377 592 3436 etad
615 3377 751 3437 chorum
774 3376 877 3435 vadit:
906 3386 961 3436 aut
983 3377 1022 3436 ad
1045 3389 1121 3436 corn·

374 3490 506 3534 munem
534 3474 678 3532 laborem
702 3482 883 3533 conventus
906 3472 1123 3533 incunctanter

297 3600 328 3641 De
374 3580 541 3648 properat3
563 3581 640 3631 tunc
656 3570 734 3630 novi
751 3570 849 3629 liores
864 3570 896 3630 in
913 3571 1008 3630 horto
1024 3566 1122 3631 cordis

254 3664 365 3714 ΝΜ
374 3670 424 3730 sui
448 3687 506 3746 per
526 3668 660 3746 gratiam
679 3668 782 3728 sancti
799 3667 940 3743 Spiritus
956 3686 1029 3728 cum
1047 3668 1122 3728 truc·
1163 3635 1165 3726 i

268 3726 353 3829 ἶῗιῖἷέ
374 3768 461 3828 tibus
477 3766 702 3828 oboedientiae
718 3766 878 3842 incipiunt
892 3765 981 3841 oriri,
997 3759 1122 3833 dilatari,

731 3870 772 3911 266
