2692 4659
277 846 343 922 ipsi
368 863 485 905 manus
499 846 670 921 violentae,
693 864 751 922 per
767 846 981 923 suspendium
997 849 1040 907 la·

278 945 358 1021 quei
382 944 506 1003 mortis,
543 945 691 1003 Habebat
713 954 819 1004 autem
836 947 1038 1006 sacerdotem

280 1051 312 1102 et
328 1043 533 1118 capellanum
549 1043 682 1117 bonum,
703 1043 880 1102 Iohannem
897 1044 1040 1119 nomine,

281 1140 344 1199 Dei
365 1140 467 1216 gratia
482 1140 690 1199 adornatum:
713 1141 767 1216 qui
784 1159 892 1201 coram
908 1160 948 1202 eo
963 1142 1040 1202 mis·

280 1254 336 1297 sas
352 1237 530 1311 celebrare,
545 1246 577 1295 et
590 1254 648 1312 pro
659 1253 699 1296 eo
710 1255 803 1298 orare
814 1251 1062 1301 consueverats

281 1334 447 1410 Quotiens
469 1333 567 1410 igitur
588 1351 663 1393 eum
682 1343 871 1412 temptatum
888 1348 1039 1398 noverat:

281 1432 335 1491 vix
365 1431 395 1490 ei
425 1433 623 1507 persuadere
650 1440 791 1508 poterat,
820 1452 861 1493 ne
884 1435 945 1494 sibi
968 1454 1039 1495 cru·

281 1530 388 1589 delem
422 1539 558 1589 mortem
591 1530 737 1589 inferret.
786 1531 849 1592 Sed
881 1550 954 1592 cum
984 1533 1039 1593 ille

282 1627 457 1687 violentiae
477 1628 700 1703 temptationis
716 1629 870 1689 resistere
886 1647 950 1689 non
966 1649 1039 1707 pos·

280 1735 341 1800 set,
363 1742 425 1784 nec
447 1724 621 1785 confessor
641 1726 714 1786 eius
736 1745 754 1786 a
771 1728 887 1803 laqueo
903 1746 1039 1804 suspen·
1050 1746 1075 1786 ιο

281 1822 386 1882 sionis
408 1813 600 1898 temptatum
623 1824 794 1900 cohibere3
817 1825 970 1884 sacerdos
985 1843 1039 1885 an-

281 1922 358 1981 xius
381 1921 460 1980 satis
483 1922 523 1981 de
545 1921 708 1996 periculo,
737 1922 776 1981 ad
798 1921 957 1998 virginem
980 1940 1038 1999 pro

281 2018 420 2079 consilio
455 2018 613 2078 accessit:
649 2017 925 2095 interrogavitque
961 2020 1038 2096 quid

281 2118 341 2177 sibi
379 2116 467 2175 circa
501 2125 691 2191 temptatum
725 2116 908 2176 faciendum
940 2126 1038 2177 esset.

250 2225 256 2241 '
281 2214 372 2275 Tunc
395 2215 450 2274 illa
471 2214 582 2274 sciens
604 2213 767 2273 diabolum
790 2231 856 2273 non
872 2231 969 2289 posse
985 2233 1037 2274 su·
1050 2236 1074 2277 15

281 2313 421 2387 stinere,
451 2313 536 2388 quod
561 2320 647 2370 artes
669 2310 810 2370 malitiae
833 2329 911 2371 suae
933 2323 1038 2373 verte·

281 2422 395 2471 rentur
413 2409 446 2468 in
462 2427 551 2468 arma
566 2408 698 2483 salutis3
720 2409 822 2468 suasit
836 2410 1038 2487 presbytero,

280 2519 442 2585 quatenus
464 2506 491 2565 si
515 2515 691 2581 temptatus
713 2507 912 2582 suggestioni
931 2509 1038 2568 diabo-

280 2609 362 2668 licae
392 2606 548 2666 resistere
577 2622 642 2664 non
671 2605 811 2665 valeret:
840 2607 902 2665 hoc
927 2606 955 2665 ei
980 2625 1038 2682 pro

280 2704 479 2782 paenitentia
507 2703 709 2779 iniungeret,
738 2704 824 2779 quod
846 2703 950 2763 hostis
973 2721 1074 2764 ma-ao

281 2805 388 2881 lignus
405 2802 445 2861 ad
461 2801 587 2861 ruinam
604 2802 806 2877 suggerebat.
839 2801 913 2877 Quo
929 2800 1037 2860 audito

281 2902 466 2975 confessor,
495 2907 646 2958 metuens
675 2916 716 2958 ne
745 2898 937 2975 perditionis
966 2897 1037 2957 eius
1089 2955 1092 2962 ,

281 3017 379 3059 causa
410 2985 582 3057 earisteret:
618 3012 683 3054 non
716 2996 852 3055 audebat
883 3002 1037 3069 temptato

281 3097 391 3156 dicere
420 3095 507 3171 quod
536 3093 776 3153 consulebatur.
821 3092 877 3151 illa
898 3109 977 3150 vero
1004 3091 1037 3150 in

282 3195 351 3254 Deo
382 3192 568 3252 conlidens:
596 3190 693 3250 iussit
722 3199 755 3249 ut
782 3189 814 3248 in
837 3188 1073 3253 conscientia25

281 3293 329 3352 sui
354 3290 549 3351 fiducialiter
567 3289 599 3348 id
615 3298 734 3364 ageret.
766 3288 852 3347 Dum
869 3304 945 3364 ergo
961 3304 1037 3363 qua-

281 3392 352 3450 dam
382 3388 455 3448 vice
483 3388 570 3447 circa
593 3395 784 3461 temptatum
807 3384 960 3444 sacerdos
982 3400 1037 3459 op·

281 3487 511 3564 portunitatem
541 3496 655 3546 nactus
683 3485 816 3544 fecisset
838 3482 924 3559 quod
945 3481 1036 3557 virgo

281 3583 459 3660 consuluit;
474 3593 649 3658 temptatus
666 3582 760 3642 flexis
770 3581 909 3658 genibus
919 3579 1037 3656 gratias

281 3682 361 3757 egit:
391 3680 468 3757 quia
496 3682 582 3756 quod
609 3680 663 3739 diu
687 3679 944 3752 desideraverat,
974 3677 1074 3736 iamso

280 3780 409 3838 tandem
437 3777 585 3838 obtinere
606 3778 737 3838 meruit.
779 3775 960 3852 Statimque
982 3776 1037 3834 do·

637 3882 675 3923 421
