2692 4659
321 754 482 807 mm&
510 752 673 796 SERMONES
688 753 728 794 ΑΙ)
745 751 895 795 NOVIClOS
920 749 1056 803 ww

322 900 385 949 tus
428 887 457 948 O
490 904 586 963 quam
618 886 737 946 multas
768 885 887 945 rubeas
918 901 1003 945 rosas
1027 899 1055 940 ex

323 986 461 1063 singulis
482 984 586 1062 plagis
608 993 641 1044 et
655 983 848 1043 vulneribus
863 982 933 1042 suis
947 979 1055 1042 mitissi-

322 1100 397 1143 mus
413 1083 506 1143 lesus
524 1081 691 1159 produxit:
714 1080 867 1141 omnibus
882 1079 1055 1141 aromatibus

322 1182 492 1242 suaviores
515 1189 546 1241 et
568 1179 784 1256 pulchriores.
817 1180 944 1255 Nempe
959 1185 1055 1255 quanto

300 1280 454 1356 ssaepius
483 1295 577 1338 rosae
606 1277 687 1337 istae
716 1277 935 1353 aspiciuntur,
965 1273 1055 1336 durius

322 1386 482 1452 teruntur,
493 1375 615 1436 diutius
626 1385 736 1435 mente
748 1375 974 1435 revolvuntur:
988 1379 1054 1432 tarto

322 1474 552 1534 vehementius
572 1473 717 1550 flagrant,
739 1473 942 1548 dulcescunt,
964 1471 1055 1531 florent

322 1574 510 1648 rubescunt,
532 1582 685 1632 crescunt
707 1580 739 1631 et
761 1571 944 1631 dilatantur.
979 1568 1054 1627 Exce-

322 1672 402 1732 dunt
430 1671 518 1731 enim
548 1688 642 1731 rosae
670 1671 745 1730 lesu
768 1669 895 1731 Christi
920 1659 1053 1728 Nazareui

288 1787 312 1826 ru
322 1771 355 1829 in
378 1781 487 1830 roseto
509 1768 673 1845 passionis
695 1767 770 1828 eius·
789 1776 881 1827 ortae
896 1776 929 1827 et
942 1766 974 1826 in
989 1765 1054 1824 Ieru-

322 1869 424 1928 salem
447 1866 539 1943 quasi
562 1867 595 1926 in
618 1865 806 1926 mortariolo
827 1865 987 1925 aludaeis
1000 1874 1055 1921 con·

322 1967 415 2026 tritae
444 1964 589 2026 omnium
620 1972 805 2023 sanctorum
836 1973 1008 2040 martyrum
1029 1968 1056 2014 20

322 2064 484 2141 virginum
506 2062 695 2138 passiones:
724 2060 897 2137 dignitate,
924 2056 1057 2136 magnitu-

322 2163 397 2222 dine
420 2163 579 2223 suavitate
601 2158 856 2237 pulchritudine,
879 2168 912 2219 et
933 2155 1057 2217 omnium

288 2259 496 2336 regratiarum
512 2259 725 2335 plenitudine,
741 2258 780 2316 ab
795 2266 868 2317 ortu
884 2257 964 2317 solis
975 2262 1059 2327 usque

322 2357 360 2416 ad
388 2357 471 2417 lines
494 2357 582 2417 orbis
604 2366 721 2416 terrae.
764 2355 847 2415 Sunt
869 2365 976 2415 autem
997 2352 1063 2411 istae

322 2472 416 2514 rosae
447 2455 541 2514 valde
571 2455 734 2531 pretiosae
766 2462 797 2513 et
829 2453 868 2512 ad
901 2450 1062 2513 ornandum

322 2553 496 2613 cuiuslibet
507 2553 643 2613 devotae
654 2546 1063 2612 animaecoronamhabiles

322 2661 353 2710 et
377 2651 556 2725 formosae3
578 2650 621 2709 ita
639 2649 725 2725 quod
740 2648 830 2708 nullo
847 2649 952 2724 pretio
967 2639 1063 2707 mundi

285 2749 430 2808 aovalent
445 2747 620 2822 aestimari,
636 2764 697 2807 nec
713 2764 731 2805 a
746 2746 984 2806 mercatoribus
994 2757 1063 2804 com·

322 2846 442 2921 parari:
474 2862 581 2922 neque
612 2845 646 2904 in
678 2843 846 2920 apothecis
878 2844 1063 2904 medicorum

322 2943 472 3003 inveniri.
508 2941 570 3002 Vbi
603 2959 679 3018 ergo
709 2951 848 3017 possunt
877 2941 1017 3001 discerni
1044 2952 1063 2996 et

322 3041 474 3116 acquiri?
503 3041 577 3100 Non
598 3039 631 3098 in
649 3039 729 3112 loro,
751 3037 859 3097 sedin
876 3040 993 3099 choro:
1015 3052 1063 3097 nor

322 3137 355 3196 in
378 3138 501 3212 platea,
529 3137 586 3196 sed
609 3136 642 3195 in
665 3135 821 3210 ecclesia3
851 3152 918 3195 non
941 3135 974 3194 in
996 3132 1063 3193 bell

285 3235 380 3293 assed
403 3235 436 3294 in
459 3235 555 3294 cella:
578 3251 643 3293 non
666 3233 700 3293 in
722 3233 881 3308 tumultu,
904 3233 962 3292 sed
985 3233 1017 3291 in
1038 3228 1061 3288 si

323 3331 442 3408 lenti03
464 3350 529 3391 non
552 3331 584 3390 in
608 3330 687 3406 risu,
709 3330 767 3390 sed
789 3329 822 3389 in
845 3331 994 3406 planctu:
1016 3345 1063 3388 nou

322 3429 355 3488 in
372 3430 533 3503 convivio,
548 3429 606 3488 sed
620 3428 652 3487 in
664 3427 797 3488 ieiunio.
821 3428 946 3488 Verum
959 3426 1063 3504 specia

323 3526 396 3585 liter
431 3545 449 3586 a
482 3526 761 3601 contemptoribus
792 3526 916 3585 saeculi
950 3542 1063 3586 crucen

323 3641 415 3682 suam
443 3624 560 3684 cotidie
583 3624 788 3698 tollentibus,
817 3625 904 3684 etin
929 3624 1063 3700 passion

285 3720 449 3782 aoChristi
485 3723 610 3782 seriose
642 3721 874 3781 meditantibus
906 3723 1003 3783 citius
1033 3721 1063 3780 in

323 3817 515 3878 veniuntur:
537 3830 569 3879 et
590 3819 725 3879 uberius
740 3819 825 3878 inira
840 3820 976 3881 missam
993 3819 1062 3880 colli

680 3923 720 3964 auu

265 4074 333 4092 Δ
