2692 4659
237 662 560 717 &mmm
583 664 654 706 xxtll
676 666 997 719 QQQQQ

238 796 353 873 decet3
374 806 471 873 atque
493 798 612 859 cotidie
634 800 839 875 perpendere
855 810 995 875 oportet:

238 895 316 971 quid
339 895 544 971 gratitudinis
574 906 606 957 et
628 897 780 974 specialis
812 898 996 959 dilectionis

237 992 267 1051 ei
300 991 459 1053 intentius
490 994 690 1056 exhibeatur.
741 995 894 1056 Libenter
920 1014 996 1073 gau·

238 1090 336 1149 deres
358 1108 432 1151 cum
455 1091 561 1152 Maria
583 1092 616 1153 in
638 1094 745 1154 caelo:
769 1093 818 1153 fer
840 1093 936 1153 etiam
960 1094 995 1153 li-

236 1188 354 1248 benter
375 1198 595 1263 paupertatem
618 1199 650 1249 et
671 1198 893 1264 contemptum
920 1207 1019 1249 cums

238 1285 345 1345 Maria
365 1285 400 1344 in
421 1294 516 1345 terra.
559 1287 690 1347 Intuere
721 1287 864 1346 humiles
886 1304 995 1347 mores

237 1382 329 1458 eiuS,
359 1391 392 1442 et
421 1381 612 1459 virginalem
644 1383 875 1444 verecundiam
911 1384 997 1444 inter

237 1498 318 1541 suos
338 1480 484 1541 sodales:
506 1490 538 1541 et
560 1498 733 1557 compesce
749 1491 821 1541 tuas
837 1481 996 1557 levitates,

236 1595 273 1638 ac
297 1578 374 1654 fuge
396 1578 564 1639 tumultus
594 1579 685 1641 Cave
702 1578 870 1639 offendere
887 1579 995 1638 Iesum

237 1685 269 1736 et
292 1676 432 1736 Mariam
454 1676 565 1736 verbis
588 1677 698 1737 vanis:
730 1686 762 1736 et
791 1676 885 1735 factis
914 1674 995 1734 indi·
1009 1697 1033 1738 ro

236 1774 321 1851 gnis.
373 1774 447 1834 Non
478 1782 528 1834 est
559 1773 645 1834 enim
679 1775 767 1834 leve:
803 1783 867 1833 tam
904 1790 997 1833 caros

236 1871 409 1932 offendere
431 1881 594 1947 patronos.
635 1872 756 1932 Vident
782 1870 891 1931 omnia
912 1887 995 1946 quae

235 1969 342 2046 geris3
365 1977 397 2028 et
412 1969 540 2044 qualem
563 1979 595 2029 te
614 1968 647 2028 in
664 1968 891 2029 emendatione
906 1984 996 2043 prae·

236 2066 379 2127 stiteris:
407 2066 488 2126 tales
517 2066 549 2125 in
579 2066 796 2127 subventione
825 2077 879 2127 tua
901 2082 996 2140 expe-

236 2164 344 2225 rieris.
373 2163 526 2224 Attamen
545 2164 646 2225 vincit
667 2164 826 2239 sapientia
841 2163 995 2224 malitiam
1009 2188 1033 2228 rs

237 2275 345 2325 tuam:
378 2273 409 2322 et
430 2262 613 2339 benignitas
634 2279 748 2323 eorum
771 2263 809 2322 ad
832 2262 998 2337 paeniten-

235 2362 314 2424 tiam
352 2370 384 2421 te
420 2360 558 2421 adducit.
608 2360 642 2421 Si
675 2370 780 2420 errata
810 2360 997 2436 cognoscis:

237 2468 328 2520 muta
350 2467 468 2518 statum
491 2468 582 2518 tuum
612 2458 645 2517 in
667 2458 796 2519 melius,
840 2458 876 2517 ln
903 2458 997 2518 bonis

236 2574 432 2634 persevera:
454 2568 486 2618 et
514 2558 555 2617 de
583 2559 679 2618 donis
702 2559 763 2618 Dei
792 2558 912 2634 gratias
942 2558 997 2617 de·

236 2666 313 2716 vote
355 2654 509 2715 retribue.
562 2655 651 2716 Fecit
686 2655 731 2715 ita
764 2656 857 2716 beata
892 2655 1033 2715 Mariano

236 2771 311 2813 cum
349 2763 439 2813 esset
478 2754 601 2830 repleta
637 2753 759 2828 Spiritu
796 2761 926 2813 sancto:
965 2762 997 2813 et

237 2853 348 2911 iesum
381 2861 523 2926 portaret
555 2851 587 2911 in
622 2860 725 2911 utero.
778 2850 877 2910 Disce
909 2868 997 2911 man-

236 2949 424 3011 suetudinis
443 2949 515 3009 eius
530 2950 680 3025 exemplo
696 2958 907 3010 occurrentes
928 2966 997 3024 gra·

236 3048 356 3109 vitates
384 3046 436 3122 pie
458 3046 613 3107 tolerare:
643 3056 675 3107 et
704 3046 858 3107 submitte
886 3055 918 3106 te
947 3063 996 3106 or·

236 3143 396 3207 dinationi
428 3144 577 3220 divinae,
612 3145 697 3205 sicut
732 3144 914 3205 ordinatum
947 3154 1033 3205 estas

236 3245 275 3304 ab
312 3252 457 3303 aeterno.
514 3243 607 3303 lesus
643 3243 705 3303 erit
740 3243 867 3303 adiutor
902 3253 997 3318 tuus;

237 3340 345 3402 Maria
381 3339 443 3400 erit
477 3340 533 3399 tibi
565 3350 668 3400 mater
700 3340 822 3401 fidelis:
859 3349 929 3400 esto
962 3350 995 3400 tu

237 3438 327 3497 iilius
348 3436 455 3495 bonus
484 3445 516 3496 et
536 3454 653 3497 servus
676 3438 814 3498 devotus
837 3439 875 3498 ad
898 3455 996 3499 omne

235 3538 362 3596 bonum
385 3543 525 3609 paratus,

276 3630 340 3691 Vis
376 3630 483 3691 facere
518 3631 605 3707 quod
645 3632 750 3708 placet
785 3632 897 3693 beatae
933 3632 1059 3693 vir-ao

233 3728 334 3808 gini?

599 3834 640 3875 219
