2692 4659
234 813 330 873 bellis
360 813 521 872 bonorum
553 822 584 872 et
615 812 774 872 malorum
805 829 844 872 ex
873 810 993 871 divinis

234 911 325 971 libris
361 910 401 970 ad
437 911 595 970 cautelam
627 920 659 970 et
690 909 907 970 eruditionem
939 924 993 967 ve-

235 1020 352 1085 stram3
381 1019 416 1069 ut
438 1007 602 1068 cautiores
623 1024 757 1083 semper
782 1006 855 1067 sitis
876 1007 915 1066 ad
945 1023 993 1065 re-

235 1104 418 1165 sistendum
430 1105 587 1181 periculis
598 1105 776 1164 malorum:
799 1114 830 1164 et
841 1104 993 1164 fortiores

235 1202 271 1261 ad
293 1202 573 1278 perseverandum
596 1202 629 1261 in
652 1201 780 1262 semitis
802 1201 972 1261 iustorum.
1002 1219 1017 1258 s

274 1298 423 1358 Primum
445 1298 566 1359 bellum
582 1299 704 1374 incepit
726 1316 784 1375 per
805 1301 937 1377 angelos
960 1298 992 1358 in
1003 1321 1083 1362 aetram

236 1397 341 1456 caelo:
364 1397 494 1472 quando
510 1395 642 1455 Lucifer
663 1413 722 1472 per
737 1397 922 1472 superbiam
939 1414 993 1456 vo·
1003 1384 1086 1487 “31¹¹'‘

235 1492 291 1554 luit
314 1494 413 1554 altius
435 1511 472 1554 se
493 1495 660 1568 extollere,
689 1504 721 1554 et
743 1494 915 1554 assimilari
939 1492 993 1552 ΑΙ·
1066 1477 1071 1488 ’

236 1591 380 1667 tissim03
409 1601 440 1651 et
462 1590 554 1667 quasi
578 1590 611 1650 in
634 1591 766 1667 propria
787 1591 906 1652 virtute
927 1591 994 1667 glo-

237 1687 326 1749 riari:
350 1697 383 1748 et
404 1688 437 1747 in
460 1704 496 1748 se
519 1688 589 1763 ipso
606 1687 815 1764 singulariter
830 1688 993 1749 delectari.
1006 1702 1030 1742 ro

239 1788 307 1847 Hoc
329 1796 486 1863 percepto
514 1786 548 1851 in
571 1786 705 1863 superni
731 1786 828 1861 Regis
860 1785 993 1861 palatio:

240 1894 369 1945 sanctus
392 1884 535 1944 Michael
565 1894 598 1943 et
625 1884 731 1960 angeli
761 1884 833 1943 eius
862 1883 994 1960 indigne

243 1981 382 2043 lerentes
410 1981 625 2059 arrogantiam
654 1981 875 2057 superbientis
903 1980 995 2040 Luci-

245 2076 307 2155 feri,
329 2078 467 2155 permoti
483 2088 560 2138 sunt
575 2079 646 2138 zelo
662 2077 821 2138 iustitiae:
844 2089 875 2138 et
891 2078 994 2137 eiece-

191 2215 195 2260 t
246 2188 311 2237 runt
341 2193 458 2237 omnes
488 2176 661 2252 superbiae
694 2176 784 2235 cives
813 2176 853 2235 de
876 2174 1032 2234 finibusrs

248 2273 316 2333 suis.
360 2275 434 2335 Non
463 2274 551 2334 enim
581 2274 692 2334 debuit
721 2274 838 2350 aliquis
867 2274 995 2349 angelo-

251 2387 310 2431 rum
339 2373 577 2450 quantumlibet
607 2389 744 2448 magnus
775 2387 873 2446 supra
896 2370 996 2431 Crea-

251 2470 318 2529 toris
340 2471 391 2531 sui
414 2469 687 2547 magnificentiam
711 2486 747 2529 se
770 2468 912 2545 erigere:
935 2485 996 2528 nec

253 2561 343 2626 iactus
375 2568 488 2629 factori
521 2586 582 2628 suo
614 2584 650 2627 se
682 2583 839 2643 aequare3
870 2583 931 2625 nec
962 2566 995 2625 in

253 2659 356 2726 decore
384 2665 565 2742 sapientiae
594 2682 675 2724 suae
703 2673 827 2723 temere
849 2662 1032 2738 gloriarizao

254 2772 301 2820 nec
322 2763 408 2824 abuti
431 2763 527 2823 donis
543 2763 714 2823 altioribus
731 2779 749 2820 a
765 2762 835 2820 Deo
851 2760 911 2820 sibi
927 2777 997 2836 gra-

254 2857 319 2919 tuito
341 2861 477 2921 collatis.
509 2861 596 2938 Quia
618 2877 695 2937 ergo
718 2870 847 2919 satanas
869 2876 928 2934 per
949 2869 997 2918 tu-

255 2968 362 3019 morem
385 2959 558 3035 superbiae
587 2977 623 3019 se
650 2958 750 3019 nimis
778 2958 892 3018 extulit
914 2973 996 3016 vane

254 3051 415 3132 gloriando,
437 3066 469 3117 et
490 3057 602 3117 sedem
626 3073 719 3115 suam
749 3073 847 3131 supra
869 3066 997 3115 eeteros

255 3148 413 3215 elevando:
444 3154 531 3214 iusto
563 3154 624 3214 Dei
656 3153 777 3214 iudicio
809 3154 926 3215 cecidit
957 3155 1033 3213 deas

255 3242 326 3312 felici
348 3252 505 3312 societate
533 3261 721 3311 sanctorum
751 3253 939 3329 angelorum
963 3252 996 3312 in

253 3345 392 3425 abyssum
404 3350 525 3410 inferni
537 3360 568 3410 et
580 3366 745 3409 carcerem
762 3351 996 3409 damnatorum.

198 3517 200 3522 Ι
253 3440 292 3505 De
311 3465 374 3524 quo
391 3447 540 3507 Salvator
560 3446 600 3505 ad
616 3445 796 3522 discipulos
811 3446 863 3507 ait.
899 3446 997 3507 Vide-

198 3529 200 3534 ’
251 3540 311 3605 bam
340 3556 484 3606 satanam
514 3554 678 3620 tamquam
707 3543 816 3620 fulgur
843 3544 883 3603 de
906 3544 996 3603 caelo

249 3645 419 3704 cadentem.
467 3644 517 3703 De
546 3643 640 3702 cuius
669 3642 806 3703 terribili
839 3661 934 3717 casu,
965 3654 1033 3703 etao

247 3738 482 3816 inecuperabili
526 3741 635 3815 lapsu:
678 3740 793 3799 beatus
834 3741 996 3800 lohannes

599 3845 636 3887 157
