2692 4659
309 648 593 717 &QQJQ
607 663 773 706 raorocvs
787 664 1067 718 soranam

311 797 444 873 capiatis
466 799 552 875 quod
575 797 705 873 distuli3
727 814 788 858 nec
810 797 1064 876 praesumptioni

310 895 473 971 deputetis
495 897 581 973 quod
604 895 685 956 feci:
714 895 789 972 quia
813 896 852 956 ad
883 895 1062 957 laciendum

310 992 485 1052 consilium
514 992 713 1052 venerabilis
742 992 860 1067 prioris
890 994 992 1054 vestri
1018 1011 1063 1052 ac·

310 1091 411 1151 cessit
439 1101 471 1151 et
500 1108 552 1150 me
581 1090 745 1151 animavit.
789 1090 871 1150 Nam
900 1092 988 1168 quod
1010 1090 1061 1151 dil·

286 1188 395 1248 siicile
405 1189 437 1248 in
446 1188 561 1265 primis
570 1188 648 1248 mihi
659 1188 843 1248 videbatur:
856 1189 928 1249 Deo
937 1190 1059 1249 iuvante

310 1303 369 1361 per
389 1287 554 1347 orationes
569 1297 696 1347 vestras
712 1286 841 1346 tandem
857 1286 897 1346 ad
913 1286 1057 1347 effectum

310 1384 468 1459 pervenit.
508 1383 620 1445 Totam
643 1395 752 1445 autem
775 1384 944 1445 materiam
968 1382 1057 1453 libelli

310 1483 342 1541 in
366 1483 446 1542 duas
461 1493 570 1558 partes
592 1482 744 1542 distinxi:
767 1492 798 1542 et
818 1482 958 1559 singulis
974 1480 1058 1558 parti·

309 1578 370 1637 bus
399 1580 529 1655 propria
558 1580 698 1656 capitula
728 1581 927 1655 praenotavi.
973 1582 1058 1640 Plura

276 1693 300 1733 ro
310 1676 406 1736 etiam
419 1678 459 1738 de
470 1679 607 1738 consilio
619 1678 822 1756 quorundam
839 1677 1056 1753 religiosorum

310 1774 405 1833 omisi
437 1775 602 1837 inserere:
638 1794 722 1854 quae
759 1777 841 1837 lorte
874 1777 1059 1854 quibusdam

310 1872 514 1948 simplicibus
545 1875 779 1936 dubitationem
816 1884 871 1935 aut
906 1873 1060 1952 quaestio-

310 1988 385 2031 nem
398 1972 578 2032 intricatam
591 1972 955 2049 ingererevidebantur.
981 1969 1067 2046 Elegi

311 2085 387 2145 ergo
410 2086 450 2129 ex
472 2070 583 2130 multis
606 2087 644 2130 ea
665 2070 774 2145 potius
789 2069 935 2130 scribere
958 2081 989 2131 et
1003 2068 1064 2128 col-

277 2166 411 2243 rsligere
434 2184 517 2244 quae
537 2185 646 2228 mores
668 2168 885 2228 instruerent:
908 2178 941 2229 et
962 2166 1065 2227 humi-

311 2266 374 2324 lem
405 2265 617 2326 imitationem
647 2265 831 2342 legentibus
861 2266 984 2343 liquido
1012 2266 1058 2324 de·

312 2373 539 2424 monstrarent.
592 2363 674 2423 Sunt
710 2374 817 2423 tamen
855 2364 924 2423 lere
959 2362 1062 2423 omnia

311 2461 399 2520 omni
420 2461 631 2522 admiratione
648 2461 753 2538 digna,
776 2478 881 2521 meam
898 2462 1060 2537 experien-

311 2558 387 2618 tiam
419 2558 625 2618 excedentia:
661 2575 745 2636 quae
777 2558 956 2618 maioribus
988 2558 1061 2618 iudi·

275 2656 413 2715 aocanda
434 2655 610 2716 committo.
641 2655 743 2731 Spero
762 2667 869 2717 autem
892 2658 979 2734 quod
995 2666 1062 2716 vota

312 2752 483 2811 humilium
508 2753 578 2812 Deo
601 2753 703 2830 magis
726 2765 757 2815 et
779 2754 840 2829 ipsi
857 2766 989 2816 sanctae
1005 2755 1062 2814 vir·

310 2849 376 2926 gini
398 2860 487 2926 grata
509 2862 604 2912 erunt
626 2861 658 2911 et
682 2853 946 2927 complacebunt:
971 2868 1061 2930 quam

311 2947 424 3007 altiora
453 2948 607 3023 scrutari,
638 2959 670 3009 et
699 2950 739 3009 de
768 2951 906 3010 secretis
929 2951 991 3010 Dei
1021 2950 1063 3008 in·

311 3044 469 3119 sipienter
491 3045 636 3105 fabulari.
681 3047 750 3106 Nec
772 3059 902 3107 moveat
925 3048 1063 3125 aliquem

275 3143 339 3202 assi
356 3142 518 3202 interdum
536 3144 636 3220 Lydia
651 3154 705 3204 aut
722 3144 893 3221 Lidewigis
910 3145 942 3204 in
964 3146 1065 3205 littera

312 3240 458 3315 ponitur3
487 3240 647 3317 quiahoc
670 3241 766 3302 etiam
790 3242 822 3301 in
847 3242 921 3301 aliis
943 3253 1065 3302 sancto·

312 3355 383 3397 rum
415 3338 517 3414 gestis
549 3338 730 3400 invenitur:
767 3340 851 3400 sicut
882 3340 976 3417 Agna
1011 3357 1066 3416 pro

311 3434 455 3511 Agnete,
491 3435 663 3513 Walburga
696 3456 754 3513 pro
783 3438 958 3515 Walburge
995 3456 1066 3498 con·

311 3550 391 3609 grue
414 3533 540 3594 dicitur.
584 3535 632 3594 De
657 3535 757 3611 Lydia
779 3535 812 3594 in
834 3535 973 3596 Actibus
995 3553 1067 3611 apo·

276 3632 469 3693 sostolorum
500 3632 633 3707 legitur,
664 3649 760 3709 quam
792 3633 913 3692 Paulus
942 3645 1068 3710 aposto·

313 3729 364 3788 lus
386 3730 424 3788 ad
448 3729 544 3788 iidem
568 3730 744 3805 convertit,
769 3731 855 3790 etin
879 3731 951 3791 eius
975 3733 1068 3791 domo

669 3834 710 3875 ars
