2692 4659
235 663 566 716 superemmens
594 662 652 704 xm
882 664 1002 716 ‘QQ

238 799 355 859 adorat
377 799 577 875 angelorum.
620 796 649 857 Ο
672 796 700 855 si
730 812 846 871 posses
868 794 933 853 illis
956 794 1003 853 in·

240 907 389 957 teresse:
419 905 450 955 et
472 894 649 955 indefessis
671 893 808 955 vocibus
830 893 925 953 dulce
947 909 1003 952 no-

241 1010 322 1053 men
346 993 419 1053 lesu
442 1002 475 1053 et
496 992 706 1053 dulcissimae
726 992 862 1068 virginis
878 991 1003 1051 lllariae
1084 1059 1086 1066 ¹

242 1090 441 1150 collaudare.
471 1090 500 1151 Ο
522 1107 618 1167 quam
634 1090 755 1149 bonum
778 1099 810 1149 et
825 1090 1002 1149 iucundum

242 1198 295 1249 est
318 1188 391 1248 istis
413 1188 555 1248 servire:
582 1188 636 1265 qui
659 1187 755 1247 nobis
777 1197 841 1248 tam
865 1187 1026 1247 fideliters

242 1304 344 1363 quam
367 1287 535 1347 humiliter
556 1286 751 1346 servierunt.
795 1285 922 1346 Servite
939 1286 1003 1345 Do·

243 1384 337 1443 mino
367 1383 423 1443 filii
452 1384 638 1444 hominum:
670 1382 725 1459 qui
748 1382 842 1443 vobis
873 1381 1005 1459 saepius

241 1480 373 1541 servire
404 1481 553 1558 dignatus
585 1490 644 1541 est.
688 1480 816 1541 Servite
846 1480 1003 1557 genetrici

242 1578 327 1639 Dei:
349 1595 432 1655 quae
446 1577 540 1639 vobis
556 1588 687 1638 sanctae
706 1578 874 1638 servitutis
897 1595 1004 1638 exem·

240 1677 298 1754 pla
322 1677 473 1738 ostendit.
515 1676 544 1737 O
568 1686 724 1753 quantum
741 1677 835 1737 decet
857 1693 1005 1737 summos
1017 1689 1041 1730 ro

239 1778 409 1836 honorare
424 1783 593 1850 patronos3
615 1773 669 1850 qui
693 1774 767 1848 plus
783 1771 935 1833 omnibus
958 1772 1005 1832 iu-

238 1890 324 1933 vare
347 1881 499 1949 possunt:
522 1888 579 1946 per
594 1888 733 1947 quorum
755 1887 871 1930 manus
887 1870 1006 1929 iudicia

239 1988 391 2048 superna
418 1978 588 2030 transeunt
617 1979 648 2029 et
677 1970 862 2044 implentur.
905 1968 1005 2029 Omni

239 2086 325 2146 ergo
348 2069 428 2127 hora
449 2068 642 2143 implorandi
659 2078 745 2142 sunt,
767 2067 822 2143 qui
845 2067 883 2126 ab
906 2065 1006 2126 hosti·

242 2169 312 2228 bus
344 2165 462 2226 mentis
493 2175 525 2226 et
560 2165 707 2241 corporis
743 2164 939 2225 defendunt:
975 2174 1043 2225 etrs

243 2265 321 2328 suis
333 2263 546 2324 servitoribus
557 2275 689 2324 aeterna
698 2263 814 2339 gaudia
824 2263 1007 2323 conferunt.

246 2366 288 2425 ln
312 2362 455 2439 qualibet
476 2362 672 2422 necessitate
695 2361 733 2420 ad
757 2362 865 2420 lesum
888 2370 919 2420 et
940 2360 1008 2419 llla-

243 2462 333 2523 riam
365 2477 514 2536 recurre3
542 2477 672 2520 omnem
701 2458 890 2536 gravitatem
921 2468 1007 2518 tuam

245 2560 300 2621 eis
338 2575 480 2634 expone:
516 2558 673 2618 confitere
708 2558 842 2632 delicta,
877 2557 1010 2631 deplora

244 2656 437 2719 commissa.
481 2656 559 2716 Pete
588 2656 735 2731 veniam,
765 2654 871 2729 arripe
900 2654 1044 2728 paeni-ao

244 2754 403 2830 tentiam3
438 2771 530 2830 spem
563 2772 711 2830 resume,
747 2751 1007 2814 emendationem

242 2852 419 2932 promitte:
442 2862 474 2913 et
495 2853 535 2912 de
550 2852 670 2913 auxilio
685 2851 806 2928 gratiae
826 2851 910 2911 bene
933 2867 1007 2911 con·

245 2952 327 3013 fide.
357 2949 390 3010 Si
407 2950 546 3010 faciliter
567 2949 702 3009 laberis:
725 2949 821 3009 citius
837 2966 1009 3025 resurgere

245 3066 340 3110 cura.
374 3048 527 3109 Libenter
547 3057 693 3108 annuent
707 3048 792 3108 votis
814 3047 1009 3123 supplicum,

245 3164 317 3209 non
340 3146 521 3222 despicient
542 3146 697 3222 gemitum
721 3163 918 3222 pauperum:
951 3145 1045 3204 sedas

243 3244 437 3324 gaudebunt
459 3244 555 3305 etiam
577 3261 678 3321 super
705 3253 737 3304 te
765 3243 871 3320 angeli
895 3242 1009 3317 sancti,

245 3360 327 3404 cum
350 3359 531 3402 conversus
561 3342 663 3403 fueris
686 3361 725 3403 ex
754 3352 821 3403 toto
851 3342 948 3402 corde
970 3341 1008 3399 ab

246 3440 341 3503 omni
374 3439 578 3501 deformitate
607 3439 747 3515 peccati:
779 3451 811 3499 et
839 3439 1008 3499 meliorem

244 3541 350 3601 vitam
387 3536 607 3613 assumpseris
649 3537 830 3596 secundum
872 3536 1008 3597 formam

245 3636 397 3711 Christi,
427 3644 459 3695 et
490 3634 602 3695 matris
634 3635 709 3694 lesu
740 3635 914 3695 benedicti.
960 3632 1045 3693 Tuao

244 3734 475 3799 tantummodo
496 3750 574 3793 cave
590 3731 766 3793 offensam:
789 3743 820 3793 et
842 3733 887 3792 illi
903 3741 1010 3807 optata

610 3837 650 3878 217
