2692 4659
362 442 523 495 &metus
551 439 714 484 sermones
729 439 769 481 ao
786 438 933 482 uovrcros
954 426 1095 490 gamm
1117 462 1120 467 .

364 576 512 636 volantes
532 574 651 635 libere:
673 582 830 635 canentes
845 582 877 633 et
891 571 1000 649 gratias
1013 582 1096 646 agen·
1117 584 1120 623 :

364 685 415 735 tes
445 676 515 734 Deo
546 672 736 733 laetissime.
780 672 929 749 Laqueus
958 667 1096 730 contritas

365 782 430 832 est:
453 780 485 831 et
506 787 568 830 nos
590 770 718 831 liberati
742 786 868 830 sumus.

406 868 569 945 Quotiens
598 886 675 944 ergo
705 868 796 928 adest
824 867 932 944 aliqua
958 861 1097 925 festivitas

342 978 552 1029 ssanctorum
582 966 614 1026 in
645 965 802 1041 ecclesia3
834 963 992 1026 recordari
1018 959 1096 1021 debe·

366 1084 439 1127 mus
450 1065 556 1142 qualis
572 1075 604 1125 et
614 1073 733 1140 quanta
748 1063 790 1123 sit
805 1063 838 1122 in
855 1060 984 1122 caelesti
998 1056 1096 1136 patria:
1118 1082 1121 1087 ·

366 1174 398 1224 et
420 1163 591 1239 despicere
614 1179 711 1222 omne
735 1163 821 1239 quod
844 1162 980 1222 delectat
1000 1159 1028 1218 in
1046 1157 1094 1216 liae

366 1263 441 1323 vita.
478 1261 570 1321 Beati
603 1260 747 1337 religiosi
777 1259 832 1336 qui
859 1243 1096 1319 asaecularibus

367 1359 471 1420 turbis
502 1357 635 1418 remoti:
665 1356 940 1432 atemporalibus
968 1353 1046 1415 curis
1067 1349 1095 1409 li·

333 1458 455 1533 roberi,
483 1476 501 1518 a
529 1454 738 1533 passionibus
769 1454 951 1530 tranquilli3
981 1453 1017 1512 ad
1043 1464 1097 1510 cae·

369 1555 464 1615 lestia
491 1556 622 1614 oculum
652 1552 772 1613 mentis
799 1552 958 1628 dirigunt:
986 1561 1015 1612 et
1038 1562 1097 1626 prae

369 1653 542 1714 dulcedine
570 1652 691 1713 amoris
713 1650 818 1712 intimi
841 1668 939 1728 quem
968 1649 1098 1718 sentiunt,

369 1750 504 1811 dissolvi
516 1760 549 1810 et
559 1767 633 1810 esse
645 1767 719 1810 cum
732 1749 867 1810 Christo
878 1747 1098 1825 concupiscunt.

371 1849 461 1909 Beati
485 1848 540 1925 qui
571 1848 610 1908 ad
633 1849 808 1907 caelestem
832 1846 1058 1907 dedicationem
1074 1847 1099 1899 et

335 1948 408 2006 rsad
440 1963 554 2007 cenam
584 1945 667 2022 ligni
697 1943 801 2004 vocati
832 1953 925 2004 sunt:
957 1954 988 2004 et
1013 1943 1051 2002 ita
1071 1952 1098 1996 se

369 2045 501 2105 student
522 2059 724 2120 praeparare,
747 2051 781 2102 ut
803 2059 877 2101 cum
901 2041 1012 2102 electis
1031 2031 1097 2113 digni

370 2143 435 2203 sint
456 2142 587 2202 intrare.
609 2142 681 2201 Vox
696 2157 783 2201 vera.
815 2141 922 2200 Nemo
943 2147 1043 2217 potest
1060 2131 1098 2194 hic

369 2240 511 2317 gaudere
533 2257 605 2299 cum
629 2239 778 2299 saeculo:
801 2249 833 2298 et
854 2248 968 2313 postea
989 2245 1100 2313 regnare

370 2355 443 2397 cum
461 2337 606 2398 Christo.
638 2335 786 2415 Amoena
801 2345 908 2412 prata:
931 2336 1042 2396 stultos
1060 2331 1100 2390 du·

334 2445 447 2496 zocunt
470 2436 508 2494 ad
531 2434 672 2511 hospitia
693 2452 801 2511 prava.
834 2434 871 2493 Et
888 2433 942 2509 qui
959 2432 1049 2493 modo
1062 2427 1101 2487 de·

371 2533 462 2593 licias
484 2543 516 2592 et
538 2534 681 2593 honores
704 2549 835 2608 semper
854 2541 1028 2608 quaerunt:
1048 2530 1102 2604 post

370 2631 470 2689 breve
480 2630 632 2706 gaudium
649 2628 819 2688 invenient
833 2639 1001 2689 aeternum
1017 2628 1102 2704 ignem

371 2738 403 2788 et
419 2729 552 2788 luctum.
584 2729 659 2787 Heu
682 2727 794 2786 miseri
811 2737 843 2787 et
859 2727 1015 2788 insensati
1036 2735 1103 2784 ama·

372 2837 460 2885 tores
482 2825 622 2900 saeculi3
644 2825 698 2901 qui
723 2825 807 2884 festa
828 2825 955 2887 Christi
980 2835 1011 2885 et
1031 2833 1104 2883 sanc·

335 2917 1106 2983 aetorumhonoresinconviviaciborumetludos

284 3033 286 3037 ·
372 3019 579 3096 convertitis3
594 3020 648 3079 ubi
665 3019 866 3080 manebitis?
888 3021 957 3080 Vae
968 3007 1106 3091 vobisqui

373 3119 481 3178 Iesum
505 3118 673 3194 deseritis,
700 3128 732 3178 et
753 3118 911 3178 mundum
942 3112 1107 3196 requiritis:

372 3225 503 3275 sanctos
531 3216 718 3292 neglegitis,
747 3226 778 3275 et
798 3233 897 3291 vagos
923 3232 960 3274 ac
984 3212 1108 3275 lubricos

372 3312 466 3371 vobis
477 3313 663 3389 associatis3
679 3314 812 3390 angelos
823 3312 1001 3389 offenditis,
1014 3321 1043 3372 et
1050 3310 1109 3370 dae·

336 3428 363 3468 ao
374 3428 488 3471 mones
504 3411 695 3472 laetificatis.
711 3412 780 3471 Vae
791 3410 845 3486 qui
858 3410 1027 3487 simplices
1041 3399 1110 3468 deri·

374 3509 457 3567 detis
479 3520 511 3568 et
531 3509 662 3570 fallaces
683 3509 936 3585 commendatis;
958 3525 1047 3569 rosas
1059 3500 1110 3563 vir·

731 3612 771 3653 294

239 3768 397 3860 A
