2692 4659
231 411 555 464 &mmm
573 411 651 454 xxvn
671 410 992 464 mmm&

231 544 372 622 Agnetis
407 544 601 622 imaginem:
637 545 678 603 ob
709 544 782 603 eius
813 544 990 620 specialem

232 641 444 702 dilectionem
461 651 618 718 perpetue
635 642 852 702 recolendam.
885 641 991 703 Cuius

232 757 328 801 sacro
351 740 542 817 patrocinio,
563 741 637 818 pius
656 741 819 802 Dominus
841 742 880 801 ab
902 741 990 801 omni

232 838 381 914 periculo
404 856 465 898 nos
491 855 622 914 semper
644 848 676 899 et
698 839 819 916 ubique
842 839 993 915 dignetur

232 935 416 996 custodire:
439 945 471 996 et
485 936 519 995 in
539 937 623 996 bona
645 936 895 997 conversatione
918 953 1014 995 cums

233 1033 388 1093 omnibus
409 1034 505 1099 nobis
527 1034 560 1093 in
583 1034 729 1095 oratione
756 1033 992 1094 commendatis

232 1147 442 1191 conservare.
478 1129 594 1194 Amen.

556 1369 674 1420 ALIVD.

235 1466 402 1679 &vit
423 1523 456 1582 in
479 1522 610 1583 civitate
625 1523 797 1584 Swollensi
821 1523 903 1583 civis
923 1523 992 1600 qui·

367 1621 440 1680 dam
459 1621 671 1681 Hermannus
694 1622 733 1682 de
757 1620 867 1683 Oever
889 1621 1028 1681 nomi-ro

233 1730 342 1795 natus,
365 1719 459 1779 dives
481 1727 513 1779 et
530 1720 701 1795 honestus,
723 1719 797 1795 pius
819 1729 851 1779 et
866 1718 991 1779 miseri-

235 1835 310 1878 cors
337 1833 437 1892 super
458 1833 636 1892 pauperes:
664 1826 761 1893 atque
783 1817 816 1876 in
839 1816 991 1893 hospitali

235 1915 341 1975 sancti
358 1913 500 1990 Spiritus
523 1914 629 1974 fidelis
651 1914 856 1974 infirmorum
873 1924 904 1974 et
920 1930 992 1990 ege-

192 2081 193 2086 *
235 2029 354 2072 norum
365 2021 563 2087 procurator.
586 2012 649 2071 Hic
661 2013 799 2088 quadam
809 2012 992 2072 turbatione

192 2131 195 2154 ν
234 2120 305 2169 orta
326 2109 361 2168 in
384 2108 514 2169 civitate
543 2119 655 2170 contra
682 2127 757 2170 eum
780 2121 812 2172 et
834 2110 991 2187 quosdam
1005 2134 1029 2174 15

192 2219 195 2302 j
234 2208 391 2268 concives
413 2225 508 2268 suos:
532 2209 677 2285 confugit
699 2209 737 2268 ad
758 2208 991 2268 monasterium

234 2315 384 2366 nostrum
395 2306 428 2365 in
439 2316 550 2366 monte
562 2317 693 2367 sanctae
704 2306 841 2384 Agnetis
856 2306 992 2383 virginis

192 2389 194 2414 ²
235 2403 421 2479 hospitandi
443 2404 553 2481 gratia.
586 2405 651 2481 Qui
675 2422 732 2480 pro
755 2422 814 2464 sua
835 2404 992 2481 probitate

236 2513 266 2563 et
281 2502 533 2562 mansuetudine
552 2512 725 2578 susceptus
741 2513 791 2563 est
806 2512 838 2563 et
853 2502 992 2579 benigne

193 2667 197 2680 ,
235 2609 408 2661 tractatus:
430 2617 504 2659 cum
527 2601 628 2660 multa
650 2600 781 2661 caritate
804 2610 836 2661 et
852 2601 1029 2660 fraternam

193 2689 198 2778 ξ
235 2699 465 2760 benivolentia.
482 2699 613 2759 Modico
623 2708 993 2775 autemtemporetrans-

193 2783 198 2896 ἲ
236 2808 318 2872 acto,
340 2796 452 2856 didicit
468 2795 639 2857 Confiteor
659 2798 769 2874 legere
785 2806 817 2857 et
832 2797 992 2856 sacerdoti

195 2903 198 2935 ¹
236 2895 273 2955 ad
303 2894 439 2953 missam
468 2893 671 2954 ministrare:
694 2895 770 2955 licet
798 2895 861 2954 iam
891 2911 993 2954 senex

194 2961 198 3226 ἱ
236 3002 325 3052 esset
346 3000 378 3051 et
399 2991 523 3051 litteras
538 2992 669 3067 penitus
692 2992 863 3069 ignoraret.
896 2991 992 3068 Quod

236 3107 309 3150 curn
343 3098 431 3149 tanta
453 3089 620 3167 diligentia
641 3100 673 3150 et
695 3089 869 3150 devotione
899 3088 1029 3151 fecittas

236 3199 270 3249 ut
291 3188 366 3248 aliis
394 3188 525 3248 aliunde
554 3188 720 3263 occupatis
747 3204 845 3263 saepe
867 3186 917 3246 bis
939 3187 991 3246 vel

235 3295 285 3346 ter
295 3303 362 3347 uno
378 3285 432 3345 die
447 3286 671 3346 sacerdotibus
686 3285 725 3345 ad
741 3286 874 3345 missam
891 3284 992 3343 liben-

234 3395 285 3446 ter
320 3393 354 3444 et
389 3384 539 3445 alacriter
574 3383 781 3443 ministraret.
824 3381 991 3458 Siquidem

234 3481 415 3543 venerabili
427 3480 508 3557 patri
520 3489 631 3541 nostro
640 3480 815 3540 Wilhelmo
824 3479 992 3539 Vorniken

262 3586 416 3630 ThomaeaK.
425 3585 509 3639 Opera.
521 3586 557 3628 Vl.
596 3586 637 3627 273
862 3585 886 3625 18
