<?xml version="1.0" encoding="UTF-8"?>
<!DOCTYPE html PUBLIC "-//W3C//DTD XHTML 1.0 Transitional//EN"
    "http://www.w3.org/TR/xhtml1/DTD/xhtml1-transitional.dtd">
<html xmlns="http://www.w3.org/1999/xhtml" xml:lang="en" lang="en">
 <head>
  <title>
</title>
<meta http-equiv="Content-Type" content="text/html;charset=utf-8" />
  <meta name='ocr-system' content='tesseract 3.04.00' />
  <meta name='ocr-capabilities' content='ocr_page ocr_carea ocr_par ocr_line ocrx_word'/>
</head>
<body>
  <div class='ocr_page' id='page_1' title='image "./thomaehemerkena00pohlgoog_0467.png"; bbox 0 0 2692 4659; ppageno 0'>
   <div class='ocr_carea' id='block_1_1' title="bbox 274 685 1036 743">
    <p class='ocr_par' dir='ltr' id='par_1_1' title="bbox 274 685 1036 743">
     <span class='ocr_line' id='line_1_1' title="bbox 274 685 1036 743; baseline -0.003 -3"><span class='ocrx_word' id='word_1_1' title='bbox 274 685 1036 743; x_wconf 46' lang='lat' dir='ltr'><strong>mmmmm</strong></span> 
     </span>
    </p>
   </div>
   <div class='ocr_carea' id='block_1_2' title="bbox 274 818 1035 1089">
    <p class='ocr_par' dir='ltr' id='par_1_2' title="bbox 274 818 1035 1089">
     <span class='ocr_line' id='line_1_2' title="bbox 275 818 1035 895; baseline 0 -17"><span class='ocrx_word' id='word_1_2' title='bbox 275 836 392 880; x_wconf 90' lang='lat' dir='ltr'><strong>narum</strong></span> <span class='ocrx_word' id='word_1_3' title='bbox 415 818 579 895; x_wconf 85' lang='lat' dir='ltr'><strong>virginum</strong></span> <span class='ocrx_word' id='word_1_4' title='bbox 602 836 771 879; x_wconf 91' lang='lat' dir='ltr'><strong>exercens.</strong></span> <span class='ocrx_word' id='word_1_5' title='bbox 811 819 861 879; x_wconf 89' lang='lat' dir='ltr'><strong>De</strong></span> <span class='ocrx_word' id='word_1_6' title='bbox 883 836 947 895; x_wconf 93' lang='lat' dir='ltr'><strong>quo</strong></span> <span class='ocrx_word' id='word_1_7' title='bbox 969 835 1035 878; x_wconf 93' lang='lat' dir='ltr'><strong>ma-</strong></span> 
     </span>
     <span class='ocr_line' id='line_1_3' title="bbox 274 916 1034 993; baseline 0 -18"><span class='ocrx_word' id='word_1_8' title='bbox 274 916 379 991; x_wconf 86' lang='lat' dir='ltr'><strong>gister</strong></span> <span class='ocrx_word' id='word_1_9' title='bbox 400 916 607 993; x_wconf 91' lang='lat' dir='ltr'><strong>supradictus</strong></span> <span class='ocrx_word' id='word_1_10' title='bbox 622 916 716 977; x_wconf 92' lang='lat' dir='ltr'><strong>valde</strong></span> <span class='ocrx_word' id='word_1_11' title='bbox 731 916 950 993; x_wconf 87' lang='lat' dir='ltr'><strong>stupefactus:</strong></span> <span class='ocrx_word' id='word_1_12' title='bbox 972 917 1034 975; x_wconf 94' lang='lat' dir='ltr'><strong>hoc</strong></span> 
     </span>
     <span class='ocr_line' id='line_1_4' title="bbox 276 1012 887 1089; baseline 0.003 -17"><span class='ocrx_word' id='word_1_13' title='bbox 276 1012 386 1089; x_wconf 92' lang='lat' dir='ltr'><strong>ipsum</strong></span> <span class='ocrx_word' id='word_1_14' title='bbox 409 1013 620 1075; x_wconf 92' lang='lat' dir='ltr'><strong>verissimum</strong></span> <span class='ocrx_word' id='word_1_15' title='bbox 643 1031 719 1074; x_wconf 93' lang='lat' dir='ltr'><strong>esse</strong></span> <span class='ocrx_word' id='word_1_16' title='bbox 740 1023 887 1074; x_wconf 92' lang='lat' dir='ltr'><strong>testatur.</strong></span> 
     </span>
    </p>
   </div>
   <div class='ocr_carea' id='block_1_3' title="bbox 436 1187 876 1239">
    <p class='ocr_par' dir='ltr' id='par_1_3' title="bbox 436 1187 876 1239">
     <span class='ocr_line' id='line_1_5' title="bbox 436 1187 876 1239; baseline -0.002 -1"><span class='ocrx_word' id='word_1_17' title='bbox 436 1188 633 1239; x_wconf 84' lang='lat' dir='ltr'>SECVNDVM</span> <span class='ocrx_word' id='word_1_18' title='bbox 651 1187 876 1238; x_wconf 83' lang='lat' dir='ltr'><strong>MIRACVLVM.</strong></span> 
     </span>
    </p>
   </div>
   <div class='ocr_carea' id='block_1_4' title="bbox 276 1248 1056 1481">
    <p class='ocr_par' dir='ltr' id='par_1_4' title="bbox 276 1248 1056 1481">
     <span class='ocr_line' id='line_1_6' title="bbox 276 1248 1056 1470; baseline -0.004 -103"><span class='ocrx_word' id='word_1_19' title='bbox 276 1248 547 1470; x_wconf 44' lang='lat' dir='ltr'><strong>&amp;mundum</strong></span> <span class='ocrx_word' id='word_1_20' title='bbox 570 1307 764 1368; x_wconf 87' lang='lat' dir='ltr'><strong>miraculum</strong></span> <span class='ocrx_word' id='word_1_21' title='bbox 789 1308 923 1384; x_wconf 88' lang='lat' dir='ltr'><strong>contigit</strong></span> <span class='ocrx_word' id='word_1_22' title='bbox 945 1308 1056 1369; x_wconf 85' lang='lat' dir='ltr'><strong>Gon-s</strong></span> 
     </span>
     <span class='ocr_line' id='line_1_7' title="bbox 405 1404 1035 1481; baseline 0 -16"><span class='ocrx_word' id='word_1_23' title='bbox 405 1404 475 1481; x_wconf 88' lang='lat' dir='ltr'><strong>dae,</strong></span> <span class='ocrx_word' id='word_1_24' title='bbox 499 1404 532 1465; x_wconf 92' lang='lat' dir='ltr'><strong>in</strong></span> <span class='ocrx_word' id='word_1_25' title='bbox 555 1406 727 1466; x_wconf 89' lang='lat' dir='ltr'><strong>notissima</strong></span> <span class='ocrx_word' id='word_1_26' title='bbox 748 1405 878 1465; x_wconf 88' lang='lat' dir='ltr'><strong>civitate</strong></span> <span class='ocrx_word' id='word_1_27' title='bbox 901 1406 1035 1465; x_wconf 88' lang='lat' dir='ltr'><strong>Hollan-</strong></span> 
     </span>
    </p>
   </div>
   <div class='ocr_carea' id='block_1_5' title="bbox 273 1503 1070 3897">
    <p class='ocr_par' dir='ltr' id='par_1_5' title="bbox 273 1503 1070 3897">
     <span class='ocr_line' id='line_1_8' title="bbox 276 1503 1033 1579; baseline -0.001 -16"><span class='ocrx_word' id='word_1_28' title='bbox 276 1504 359 1563; x_wconf 91' lang='lat' dir='ltr'><strong>diae.</strong></span> <span class='ocrx_word' id='word_1_29' title='bbox 403 1504 479 1563; x_wconf 88' lang='lat' dir='ltr'><strong>Erat</strong></span> <span class='ocrx_word' id='word_1_30' title='bbox 500 1503 621 1563; x_wconf 88' lang='lat' dir='ltr'>ibidem</span> <span class='ocrx_word' id='word_1_31' title='bbox 645 1504 678 1563; x_wconf 96' lang='lat' dir='ltr'><strong>in</strong></span> <span class='ocrx_word' id='word_1_32' title='bbox 701 1505 842 1564; x_wconf 88' lang='lat' dir='ltr'><strong>claustro</strong></span> <span class='ocrx_word' id='word_1_33' title='bbox 872 1503 1033 1579; x_wconf 86' lang='lat' dir='ltr'><strong>virginum</strong></span> 
     </span>
     <span class='ocr_line' id='line_1_9' title="bbox 276 1600 1035 1678; baseline 0 -18"><span class='ocrx_word' id='word_1_34' title='bbox 276 1600 430 1661; x_wconf 92' lang='lat' dir='ltr'><strong>monialis</strong></span> <span class='ocrx_word' id='word_1_35' title='bbox 452 1602 610 1677; x_wconf 82' lang='lat' dir='ltr'><strong>quaedam</strong></span> <span class='ocrx_word' id='word_1_36' title='bbox 627 1619 711 1678; x_wconf 89' lang='lat' dir='ltr'><strong>quae</strong></span> <span class='ocrx_word' id='word_1_37' title='bbox 731 1601 869 1662; x_wconf 88' lang='lat' dir='ltr'><strong>habebat</strong></span> <span class='ocrx_word' id='word_1_38' title='bbox 891 1611 1035 1661; x_wconf 91' lang='lat' dir='ltr'><strong>contrac-</strong></span> 
     </span>
     <span class='ocr_line' id='line_1_10' title="bbox 275 1691 1036 1776; baseline -0.003 -15"><span class='ocrx_word' id='word_1_39' title='bbox 275 1701 400 1761; x_wconf 87' lang='lat' dir='ltr'><strong>tionem</strong></span> <span class='ocrx_word' id='word_1_40' title='bbox 416 1717 594 1760; x_wconf 92' lang='lat' dir='ltr'><strong>nervorum</strong></span> <span class='ocrx_word' id='word_1_41' title='bbox 609 1700 643 1759; x_wconf 93' lang='lat' dir='ltr'><strong>in</strong></span> <span class='ocrx_word' id='word_1_42' title='bbox 659 1717 725 1760; x_wconf 88' lang='lat' dir='ltr'><strong>una</strong></span> <span class='ocrx_word' id='word_1_43' title='bbox 739 1700 833 1776; x_wconf 92' lang='lat' dir='ltr'><strong>tibia;</strong></span> <span class='ocrx_word' id='word_1_44' title='bbox 849 1700 943 1760; x_wconf 93' lang='lat' dir='ltr'><strong>cuius</strong></span> <span class='ocrx_word' id='word_1_45' title='bbox 958 1691 1036 1759; x_wconf 89' lang='lat' dir='ltr'><strong>tibia</strong></span> 
     </span>
     <span class='ocr_line' id='line_1_11' title="bbox 276 1797 1070 1874; baseline -0.01 -15"><span class='ocrx_word' id='word_1_46' title='bbox 276 1798 338 1859; x_wconf 85' lang='lat' dir='ltr'><strong>fuit</strong></span> <span class='ocrx_word' id='word_1_47' title='bbox 360 1797 405 1858; x_wconf 88' lang='lat' dir='ltr'><strong>ita</strong></span> <span class='ocrx_word' id='word_1_48' title='bbox 426 1798 595 1857; x_wconf 88' lang='lat' dir='ltr'><strong>incurvata</strong></span> <span class='ocrx_word' id='word_1_49' title='bbox 623 1807 655 1858; x_wconf 90' lang='lat' dir='ltr'><strong>et</strong></span> <span class='ocrx_word' id='word_1_50' title='bbox 680 1807 844 1857; x_wconf 92' lang='lat' dir='ltr'><strong>contracta</strong></span> <span class='ocrx_word' id='word_1_51' title='bbox 871 1798 958 1874; x_wconf 92' lang='lat' dir='ltr'><strong>quod</strong></span> <span class='ocrx_word' id='word_1_52' title='bbox 987 1798 1034 1858; x_wconf 95' lang='lat' dir='ltr'><strong>ire</strong></span> <span class='ocrx_word' id='word_1_53' title='bbox 1045 1812 1070 1852; x_wconf 85' lang='lat' dir='ltr'><strong>ro</strong></span> 
     </span>
     <span class='ocr_line' id='line_1_12' title="bbox 275 1894 1034 1972; baseline -0.001 -17"><span class='ocrx_word' id='word_1_54' title='bbox 275 1913 342 1956; x_wconf 94' lang='lat' dir='ltr'><strong>non</strong></span> <span class='ocrx_word' id='word_1_55' title='bbox 366 1905 508 1972; x_wconf 89' lang='lat' dir='ltr'><strong>poterat:</strong></span> <span class='ocrx_word' id='word_1_56' title='bbox 536 1911 598 1954; x_wconf 92' lang='lat' dir='ltr'><strong>nec</strong></span> <span class='ocrx_word' id='word_1_57' title='bbox 627 1912 698 1955; x_wconf 92' lang='lat' dir='ltr'><strong>eam</strong></span> <span class='ocrx_word' id='word_1_58' title='bbox 728 1895 846 1972; x_wconf 91' lang='lat' dir='ltr'><strong>quovis</strong></span> <span class='ocrx_word' id='word_1_59' title='bbox 875 1894 970 1955; x_wconf 95' lang='lat' dir='ltr'><strong>modo</strong></span> <span class='ocrx_word' id='word_1_60' title='bbox 995 1894 1034 1954; x_wconf 93' lang='lat' dir='ltr'><strong>ad</strong></span> 
     </span>
     <span class='ocr_line' id='line_1_13' title="bbox 276 1990 1035 2069; baseline 0.001 -17"><span class='ocrx_word' id='word_1_61' title='bbox 276 1990 514 2068; x_wconf 84' lang='lat' dir='ltr'><strong>longitudinem</strong></span> <span class='ocrx_word' id='word_1_62' title='bbox 537 1991 672 2052; x_wconf 91' lang='lat' dir='ltr'><strong>alterius</strong></span> <span class='ocrx_word' id='word_1_63' title='bbox 695 1992 882 2067; x_wconf 84' lang='lat' dir='ltr'><strong>extendere,</strong></span> <span class='ocrx_word' id='word_1_64' title='bbox 903 1993 942 2052; x_wconf 89' lang='lat' dir='ltr'><strong>ad</strong></span> <span class='ocrx_word' id='word_1_65' title='bbox 964 2011 1035 2069; x_wconf 91' lang='lat' dir='ltr'><strong>spa·</strong></span> 
     </span>
     <span class='ocr_line' id='line_1_14' title="bbox 275 2090 1036 2166; baseline -0.001 -15"><span class='ocrx_word' id='word_1_66' title='bbox 275 2090 359 2151; x_wconf 92' lang='lat' dir='ltr'><strong>tium</strong></span> <span class='ocrx_word' id='word_1_67' title='bbox 392 2090 529 2150; x_wconf 93' lang='lat' dir='ltr'><strong>duarum</strong></span> <span class='ocrx_word' id='word_1_68' title='bbox 561 2091 752 2166; x_wconf 89' lang='lat' dir='ltr'><strong>palmarum.</strong></span> <span class='ocrx_word' id='word_1_69' title='bbox 802 2091 867 2150; x_wconf 93' lang='lat' dir='ltr'><strong>lsta</strong></span> <span class='ocrx_word' id='word_1_70' title='bbox 897 2090 1036 2150; x_wconf 89' lang='lat' dir='ltr'><strong>libenter</strong></span> 
     </span>
     <span class='ocr_line' id='line_1_15' title="bbox 275 2186 1035 2265; baseline 0.003 -18"><span class='ocrx_word' id='word_1_71' title='bbox 275 2186 445 2249; x_wconf 88' lang='lat' dir='ltr'><strong>visitasset</strong></span> <span class='ocrx_word' id='word_1_72' title='bbox 459 2190 623 2250; x_wconf 91' lang='lat' dir='ltr'><strong>medicum</strong></span> <span class='ocrx_word' id='word_1_73' title='bbox 639 2191 738 2249; x_wconf 91' lang='lat' dir='ltr'><strong>istum</strong></span> <span class='ocrx_word' id='word_1_74' title='bbox 755 2189 944 2265; x_wconf 86' lang='lat' dir='ltr'><strong>magistrum</strong></span> <span class='ocrx_word' id='word_1_75' title='bbox 958 2189 1035 2249; x_wconf 91' lang='lat' dir='ltr'><strong>Wil-</strong></span> 
     </span>
     <span class='ocr_line' id='line_1_16' title="bbox 276 2286 1070 2364; baseline -0.003 -19"><span class='ocrx_word' id='word_1_76' title='bbox 276 2286 425 2346; x_wconf 93' lang='lat' dir='ltr'><strong>helmum</strong></span> <span class='ocrx_word' id='word_1_77' title='bbox 441 2286 651 2347; x_wconf 90' lang='lat' dir='ltr'><strong>Sonderdanc</strong></span> <span class='ocrx_word' id='word_1_78' title='bbox 667 2286 959 2364; x_wconf 88' lang='lat' dir='ltr'><strong>praenominatum,</strong></span> <span class='ocrx_word' id='word_1_79' title='bbox 979 2287 1033 2364; x_wconf 93' lang='lat' dir='ltr'><strong>qui</strong></span> <span class='ocrx_word' id='word_1_80' title='bbox 1046 2303 1070 2344; x_wconf 79' lang='lat' dir='ltr'><strong>rs</strong></span> 
     </span>
     <span class='ocr_line' id='line_1_17' title="bbox 275 2384 1035 2461; baseline 0 -18"><span class='ocrx_word' id='word_1_81' title='bbox 275 2393 373 2444; x_wconf 88' lang='lat' dir='ltr'><strong>antea</strong></span> <span class='ocrx_word' id='word_1_82' title='bbox 401 2402 499 2445; x_wconf 93' lang='lat' dir='ltr'><strong>unam</strong></span> <span class='ocrx_word' id='word_1_83' title='bbox 527 2386 568 2446; x_wconf 92' lang='lat' dir='ltr'><strong>de</strong></span> <span class='ocrx_word' id='word_1_84' title='bbox 597 2386 711 2446; x_wconf 94' lang='lat' dir='ltr'><strong>eadem</strong></span> <span class='ocrx_word' id='word_1_85' title='bbox 741 2384 855 2461; x_wconf 88' lang='lat' dir='ltr'><strong>domo,</strong></span> <span class='ocrx_word' id='word_1_86' title='bbox 882 2384 915 2444; x_wconf 92' lang='lat' dir='ltr'><strong>in</strong></span> <span class='ocrx_word' id='word_1_87' title='bbox 946 2384 1035 2444; x_wconf 88' lang='lat' dir='ltr'><strong>Dellt</strong></span> 
     </span>
     <span class='ocr_line' id='line_1_18' title="bbox 275 2479 1034 2557; baseline 0 -16"><span class='ocrx_word' id='word_1_88' title='bbox 275 2479 339 2541; x_wconf 91' lang='lat' dir='ltr'><strong>sibi</strong></span> <span class='ocrx_word' id='word_1_89' title='bbox 355 2482 593 2557; x_wconf 86' lang='lat' dir='ltr'><strong>transmissam,</strong></span> <span class='ocrx_word' id='word_1_90' title='bbox 608 2500 683 2542; x_wconf 92' lang='lat' dir='ltr'><strong>cum</strong></span> <span class='ocrx_word' id='word_1_91' title='bbox 696 2482 851 2543; x_wconf 85' lang='lat' dir='ltr'><strong>remediis</strong></span> <span class='ocrx_word' id='word_1_92' title='bbox 861 2481 940 2541; x_wconf 92' lang='lat' dir='ltr'><strong>artis</strong></span> <span class='ocrx_word' id='word_1_93' title='bbox 955 2498 1034 2541; x_wconf 91' lang='lat' dir='ltr'><strong>suae</strong></span> 
     </span>
     <span class='ocr_line' id='line_1_19' title="bbox 275 2579 1034 2656; baseline -0.001 -17"><span class='ocrx_word' id='word_1_94' title='bbox 275 2590 308 2640; x_wconf 93' lang='lat' dir='ltr'><strong>et</strong></span> <span class='ocrx_word' id='word_1_95' title='bbox 339 2579 401 2639; x_wconf 89' lang='lat' dir='ltr'><strong>Dei</strong></span> <span class='ocrx_word' id='word_1_96' title='bbox 429 2581 531 2655; x_wconf 86' lang='lat' dir='ltr'><strong>gratia</strong></span> <span class='ocrx_word' id='word_1_97' title='bbox 559 2580 735 2640; x_wconf 86' lang='lat' dir='ltr'><strong>auxiliante</strong></span> <span class='ocrx_word' id='word_1_98' title='bbox 767 2581 799 2639; x_wconf 96' lang='lat' dir='ltr'><strong>in</strong></span> <span class='ocrx_word' id='word_1_99' title='bbox 828 2580 932 2656; x_wconf 93' lang='lat' dir='ltr'><strong>spatio</strong></span> <span class='ocrx_word' id='word_1_100' title='bbox 961 2589 1034 2639; x_wconf 91' lang='lat' dir='ltr'><strong>octo</strong></span> 
     </span>
     <span class='ocr_line' id='line_1_20' title="bbox 274 2675 1034 2753; baseline 0.003 -18"><span class='ocrx_word' id='word_1_101' title='bbox 274 2675 532 2753; x_wconf 89' lang='lat' dir='ltr'><strong>septimanarum</strong></span> <span class='ocrx_word' id='word_1_102' title='bbox 549 2678 687 2738; x_wconf 90' lang='lat' dir='ltr'><strong>curavit:</strong></span> <span class='ocrx_word' id='word_1_103' title='bbox 703 2677 761 2737; x_wconf 91' lang='lat' dir='ltr'><strong>sed</strong></span> <span class='ocrx_word' id='word_1_104' title='bbox 777 2695 795 2736; x_wconf 94' lang='lat' dir='ltr'><strong>a</strong></span> <span class='ocrx_word' id='word_1_105' title='bbox 810 2676 1034 2752; x_wconf 91' lang='lat' dir='ltr'><strong>superioribus</strong></span> 
     </span>
     <span class='ocr_line' id='line_1_21' title="bbox 274 2773 1069 2851; baseline -0.006 -17"><span class='ocrx_word' id='word_1_106' title='bbox 274 2774 346 2834; x_wconf 91' lang='lat' dir='ltr'><strong>suis</strong></span> <span class='ocrx_word' id='word_1_107' title='bbox 361 2791 428 2834; x_wconf 96' lang='lat' dir='ltr'><strong>non</strong></span> <span class='ocrx_word' id='word_1_108' title='bbox 444 2785 569 2851; x_wconf 90' lang='lat' dir='ltr'><strong>poterat</strong></span> <span class='ocrx_word' id='word_1_109' title='bbox 584 2775 749 2835; x_wconf 89' lang='lat' dir='ltr'><strong>licentiam</strong></span> <span class='ocrx_word' id='word_1_110' title='bbox 765 2773 923 2850; x_wconf 91' lang='lat' dir='ltr'><strong>optinere.</strong></span> <span class='ocrx_word' id='word_1_111' title='bbox 947 2773 1069 2834; x_wconf 80' lang='lat' dir='ltr'><strong>Con-ao</strong></span> 
     </span>
     <span class='ocr_line' id='line_1_22' title="bbox 273 2870 1033 2948; baseline -0.003 -17"><span class='ocrx_word' id='word_1_112' title='bbox 273 2870 401 2931; x_wconf 91' lang='lat' dir='ltr'><strong>tristata</strong></span> <span class='ocrx_word' id='word_1_113' title='bbox 429 2872 528 2948; x_wconf 85' lang='lat' dir='ltr'><strong>igitur</strong></span> <span class='ocrx_word' id='word_1_114' title='bbox 549 2872 639 2932; x_wconf 85' lang='lat' dir='ltr'><strong>llevit</strong></span> <span class='ocrx_word' id='word_1_115' title='bbox 665 2889 774 2931; x_wconf 93' lang='lat' dir='ltr'><strong>amare</strong></span> <span class='ocrx_word' id='word_1_116' title='bbox 797 2870 945 2947; x_wconf 91' lang='lat' dir='ltr'><strong>pluribus</strong></span> <span class='ocrx_word' id='word_1_117' title='bbox 967 2870 1033 2930; x_wconf 94' lang='lat' dir='ltr'><strong>die-</strong></span> 
     </span>
     <span class='ocr_line' id='line_1_23' title="bbox 274 2962 1033 3045; baseline -0.001 -17"><span class='ocrx_word' id='word_1_118' title='bbox 274 2968 347 3045; x_wconf 88' lang='lat' dir='ltr'><strong>bus,</strong></span> <span class='ocrx_word' id='word_1_119' title='bbox 367 2970 444 3045; x_wconf 92' lang='lat' dir='ltr'><strong>quia</strong></span> <span class='ocrx_word' id='word_1_120' title='bbox 459 2970 574 3030; x_wconf 86' lang='lat' dir='ltr'><strong>clauda</strong></span> <span class='ocrx_word' id='word_1_121' title='bbox 588 2979 735 3029; x_wconf 92' lang='lat' dir='ltr'><strong>maneret</strong></span> <span class='ocrx_word' id='word_1_122' title='bbox 750 2962 902 3028; x_wconf 90' lang='lat' dir='ltr'><strong>omnibus</strong></span> <span class='ocrx_word' id='word_1_123' title='bbox 917 2968 1033 3028; x_wconf 91' lang='lat' dir='ltr'><strong>diebus</strong></span> 
     </span>
     <span class='ocr_line' id='line_1_24' title="bbox 274 3066 1033 3143; baseline -0.001 -17"><span class='ocrx_word' id='word_1_124' title='bbox 274 3068 361 3127; x_wconf 94' lang='lat' dir='ltr'><strong>vitae</strong></span> <span class='ocrx_word' id='word_1_125' title='bbox 386 3085 483 3143; x_wconf 87' lang='lat' dir='ltr'><strong>suae,</strong></span> <span class='ocrx_word' id='word_1_126' title='bbox 512 3078 547 3128; x_wconf 94' lang='lat' dir='ltr'><strong>ut</strong></span> <span class='ocrx_word' id='word_1_127' title='bbox 575 3068 782 3142; x_wconf 89' lang='lat' dir='ltr'><strong>aestimabat,</strong></span> <span class='ocrx_word' id='word_1_128' title='bbox 811 3066 859 3126; x_wconf 93' lang='lat' dir='ltr'><strong>sic</strong></span> <span class='ocrx_word' id='word_1_129' title='bbox 888 3066 1033 3126; x_wconf 90' lang='lat' dir='ltr'><strong>existens</strong></span> 
     </span>
     <span class='ocr_line' id='line_1_25' title="bbox 274 3164 1033 3226; baseline -0.001 -2"><span class='ocrx_word' id='word_1_130' title='bbox 274 3166 360 3226; x_wconf 88' lang='lat' dir='ltr'><strong>male</strong></span> <span class='ocrx_word' id='word_1_131' title='bbox 383 3175 546 3226; x_wconf 91' lang='lat' dir='ltr'><strong>contenta.</strong></span> <span class='ocrx_word' id='word_1_132' title='bbox 588 3165 733 3225; x_wconf 86' lang='lat' dir='ltr'><strong>Tandem</strong></span> <span class='ocrx_word' id='word_1_133' title='bbox 756 3164 846 3224; x_wconf 94' lang='lat' dir='ltr'><strong>venit</strong></span> <span class='ocrx_word' id='word_1_134' title='bbox 877 3164 955 3224; x_wconf 87' lang='lat' dir='ltr'><strong>felix</strong></span> <span class='ocrx_word' id='word_1_135' title='bbox 979 3164 1033 3223; x_wconf 94' lang='lat' dir='ltr'><strong>illa</strong></span> 
     </span>
     <span class='ocr_line' id='line_1_26' title="bbox 275 3263 1069 3340; baseline -0.003 -18"><span class='ocrx_word' id='word_1_136' title='bbox 275 3263 366 3339; x_wconf 85' lang='lat' dir='ltr'><strong>virgo</strong></span> <span class='ocrx_word' id='word_1_137' title='bbox 394 3263 568 3340; x_wconf 85' lang='lat' dir='ltr'><strong>Lidewigis</strong></span> <span class='ocrx_word' id='word_1_138' title='bbox 596 3263 636 3323; x_wconf 92' lang='lat' dir='ltr'><strong>de</strong></span> <span class='ocrx_word' id='word_1_139' title='bbox 664 3273 761 3323; x_wconf 92' lang='lat' dir='ltr'><strong>nocte</strong></span> <span class='ocrx_word' id='word_1_140' title='bbox 790 3264 930 3339; x_wconf 93' lang='lat' dir='ltr'><strong>loquens</strong></span> <span class='ocrx_word' id='word_1_141' title='bbox 958 3278 1069 3322; x_wconf 84' lang='lat' dir='ltr'><strong>cum25</strong></span> 
     </span>
     <span class='ocr_line' id='line_1_27' title="bbox 275 3361 1033 3439; baseline 0 -19"><span class='ocrx_word' id='word_1_142' title='bbox 275 3377 326 3421; x_wconf 93' lang='lat' dir='ltr'><strong>ea:</strong></span> <span class='ocrx_word' id='word_1_143' title='bbox 350 3371 382 3421; x_wconf 91' lang='lat' dir='ltr'><strong>et</strong></span> <span class='ocrx_word' id='word_1_144' title='bbox 397 3361 512 3422; x_wconf 92' lang='lat' dir='ltr'><strong>dicens</strong></span> <span class='ocrx_word' id='word_1_145' title='bbox 527 3361 613 3439; x_wconf 93' lang='lat' dir='ltr'><strong>quod</strong></span> <span class='ocrx_word' id='word_1_146' title='bbox 628 3361 817 3437; x_wconf 91' lang='lat' dir='ltr'><strong>impetraret</strong></span> <span class='ocrx_word' id='word_1_147' title='bbox 832 3379 850 3420; x_wconf 94' lang='lat' dir='ltr'><strong>a</strong></span> <span class='ocrx_word' id='word_1_148' title='bbox 865 3362 1033 3421; x_wconf 91' lang='lat' dir='ltr'><strong>sororibus</strong></span> 
     </span>
     <span class='ocr_line' id='line_1_28' title="bbox 275 3459 1033 3535; baseline 0.001 -18"><span class='ocrx_word' id='word_1_149' title='bbox 275 3468 309 3518; x_wconf 93' lang='lat' dir='ltr'><strong>ut</strong></span> <span class='ocrx_word' id='word_1_150' title='bbox 324 3459 489 3535; x_wconf 90' lang='lat' dir='ltr'><strong>quaelibet</strong></span> <span class='ocrx_word' id='word_1_151' title='bbox 504 3460 656 3519; x_wconf 93' lang='lat' dir='ltr'><strong>monialis</strong></span> <span class='ocrx_word' id='word_1_152' title='bbox 671 3459 760 3519; x_wconf 91' lang='lat' dir='ltr'><strong>illius</strong></span> <span class='ocrx_word' id='word_1_153' title='bbox 779 3459 896 3519; x_wconf 92' lang='lat' dir='ltr'><strong>domus</strong></span> <span class='ocrx_word' id='word_1_154' title='bbox 911 3460 1033 3534; x_wconf 86' lang='lat' dir='ltr'><strong>legeret</strong></span> 
     </span>
     <span class='ocr_line' id='line_1_29' title="bbox 275 3555 1031 3632; baseline 0.001 -17"><span class='ocrx_word' id='word_1_155' title='bbox 275 3555 421 3632; x_wconf 92' lang='lat' dir='ltr'><strong>quinque</strong></span> <span class='ocrx_word' id='word_1_156' title='bbox 444 3556 541 3616; x_wconf 89' lang='lat' dir='ltr'><strong>Pater</strong></span> <span class='ocrx_word' id='word_1_157' title='bbox 568 3567 682 3617; x_wconf 91' lang='lat' dir='ltr'><strong>noster</strong></span> <span class='ocrx_word' id='word_1_158' title='bbox 710 3566 742 3616; x_wconf 92' lang='lat' dir='ltr'><strong>et</strong></span> <span class='ocrx_word' id='word_1_159' title='bbox 770 3557 841 3616; x_wconf 80' lang='lat' dir='ltr'><strong>Ave</strong></span> <span class='ocrx_word' id='word_1_160' title='bbox 864 3557 969 3616; x_wconf 84' lang='lat' dir='ltr'><strong>Maria</strong></span> <span class='ocrx_word' id='word_1_161' title='bbox 993 3556 1031 3616; x_wconf 93' lang='lat' dir='ltr'><strong>ad</strong></span> 
     </span>
     <span class='ocr_line' id='line_1_30' title="bbox 275 3652 1032 3731; baseline 0 -18"><span class='ocrx_word' id='word_1_162' title='bbox 275 3654 435 3714; x_wconf 92' lang='lat' dir='ltr'><strong>honorem</strong></span> <span class='ocrx_word' id='word_1_163' title='bbox 447 3654 509 3714; x_wconf 89' lang='lat' dir='ltr'><strong>Dei</strong></span> <span class='ocrx_word' id='word_1_164' title='bbox 526 3664 558 3714; x_wconf 98' lang='lat' dir='ltr'><strong>et</strong></span> <span class='ocrx_word' id='word_1_165' title='bbox 572 3654 678 3731; x_wconf 90' lang='lat' dir='ltr'><strong>ipsius</strong></span> <span class='ocrx_word' id='word_1_166' title='bbox 693 3654 830 3731; x_wconf 86' lang='lat' dir='ltr'><strong>virginis</strong></span> <span class='ocrx_word' id='word_1_167' title='bbox 841 3652 1032 3730; x_wconf 85' lang='lat' dir='ltr'><strong>Lidewigis3</strong></span> 
     </span>
     <span class='ocr_line' id='line_1_31' title="bbox 276 3750 1069 3829; baseline -0.003 -20"><span class='ocrx_word' id='word_1_168' title='bbox 276 3760 372 3827; x_wconf 87' lang='lat' dir='ltr'><strong>atque</strong></span> <span class='ocrx_word' id='word_1_169' title='bbox 394 3750 427 3810; x_wconf 94' lang='lat' dir='ltr'><strong>in</strong></span> <span class='ocrx_word' id='word_1_170' title='bbox 451 3752 624 3811; x_wconf 90' lang='lat' dir='ltr'><strong>Dominica</strong></span> <span class='ocrx_word' id='word_1_171' title='bbox 652 3752 705 3812; x_wconf 92' lang='lat' dir='ltr'><strong>die</strong></span> <span class='ocrx_word' id='word_1_172' title='bbox 735 3752 767 3811; x_wconf 95' lang='lat' dir='ltr'><strong>in</strong></span> <span class='ocrx_word' id='word_1_173' title='bbox 790 3751 953 3829; x_wconf 88' lang='lat' dir='ltr'><strong>propriam</strong></span> <span class='ocrx_word' id='word_1_174' title='bbox 981 3765 1069 3809; x_wconf 81' lang='lat' dir='ltr'><strong>ec-oo</strong></span> 
     </span>
     <span class='ocr_line' id='line_1_32' title="bbox 632 3854 924 3897; baseline 0 0"><span class='ocrx_word' id='word_1_175' title='bbox 632 3857 669 3897; x_wconf 72' lang='lat' dir='ltr'><strong>tsi</strong></span> <span class='ocrx_word' id='word_1_176' title='bbox 880 3854 924 3897; x_wconf 81' lang='lat'><strong>29·</strong></span> 
     </span>
    </p>
   </div>
   <div class='ocr_carea' id='block_1_6' title="bbox 0 0 1351 4659">
    <p class='ocr_par' dir='ltr' id='par_1_6' title="bbox 0 0 1351 4659">
     <span class='ocr_line' id='line_1_33' title="bbox 0 0 1351 4659; baseline 0 0"><span class='ocrx_word' id='word_1_177' title='bbox 0 0 1351 4659; x_wconf 95' lang='lat' dir='ltr'><strong> </strong></span> 
     </span>
    </p>
   </div>
  </div>
 </body>
</html>
