2692 4659
281 673 747 728 mmxllssz.
783 674 805 723 ‚2
833 673 959 723 ·‚;.:‚=
994 674 1028 711 ⁴,

281 809 401 869 tissime
425 808 604 868 reddentur
622 805 775 865 omnibus
797 804 1034 881 perseveranti-

280 907 335 966 bus
358 907 391 966 in
415 905 541 965 ordinis
563 904 743 980 disciplina.
783 904 820 963 Et
843 903 870 962 si
893 904 1033 963 necdum

278 1004 468 1081 intellegere
504 1020 565 1063 nec
601 1020 719 1078 capere
754 1001 891 1077 potestis
928 1001 1035 1061 futura

277 1102 391 1178 gaudia
413 1111 604 1178 praeparata
625 1100 658 1159 in
681 1100 804 1176 nuptiis
822 1098 1034 1173 caelestibus3

277 1200 415 1260 firmiter
443 1210 554 1273 tamen
586 1198 726 1259 credatis
760 1198 836 1274 quia
867 1197 973 1256 fidelis
1003 1206 1057 1256 ets

276 1308 394 1374 potens
416 1306 468 1356 est
483 1297 575 1356 Deus
597 1297 674 1355 dare
697 1312 779 1371 quae
795 1294 944 1371 promisit
966 1294 1035 1353 dili·

274 1394 430 1472 gentibus
452 1411 505 1454 se:
535 1394 590 1470 qui
620 1411 686 1453 non
715 1402 826 1453 coacte
855 1394 913 1452 sed
936 1394 1036 1453 libera

276 1503 388 1553 mente
411 1493 560 1553 serviunt
582 1492 611 1551 ei
629 1491 682 1551 die
704 1509 740 1550 ac
760 1501 855 1550 nocte
871 1491 943 1550 sine
959 1508 1036 1567 que·

274 1592 355 1651 rela.
406 1591 531 1651 Idcirco
561 1605 635 1647 cum
665 1588 787 1665 ingenti
817 1588 1036 1648 sollicitudine

276 1689 396 1749 abicite
432 1688 496 1748 cito
532 1688 572 1747 de
607 1687 705 1746 corde
740 1694 850 1746 vestro
886 1686 1035 1746 nocivam
1048 1701 1073 1741 ro

276 1786 454 1861 tristitiam,
476 1795 508 1845 et
530 1801 660 1844 omnem
682 1784 936 1861 indignationem
959 1795 1037 1845 tam-

278 1901 377 1961 quam
393 1899 559 1944 venenum
576 1882 712 1943 diaboli:
735 1892 766 1943 et
781 1882 939 1944 studeatis
953 1883 1039 1943 inter

280 1983 399 2042 fratres
414 1990 544 2042 vestros
556 1990 720 2056 tamquam
732 1982 837 2058 angeli
849 1981 938 2057 pacis
954 1981 1038 2041 inter

278 2081 435 2143 concives
457 2096 536 2141 suos
559 2078 758 2139 conversari.
800 2078 917 2138 Tollite
939 2096 1039 2154 super

279 2195 415 2240 umeros
434 2185 564 2236 vestros
579 2176 690 2251 iugum
707 2176 839 2246 Domini
856 2175 1038 2235 amantibus
1050 2192 1074 2232 15

278 2278 353 2337 leve
361 2285 395 2335 et
402 2291 518 2334 suave:
530 2274 634 2333 donec
643 2273 842 2349 perveniatis
853 2275 892 2334 ad
902 2273 1037 2349 patriam

278 2372 446 2434 felicitatis
477 2380 638 2431 aeternae.
692 2370 825 2431 Interim
857 2389 935 2431 vero
966 2388 1038 2445 pro-

278 2471 348 2531 bari
372 2469 500 2530 habetis
523 2486 614 2529 more
636 2479 824 2529 sanctorum
854 2486 912 2544 per
933 2469 1039 2529 varias

278 2568 512 2645 temptationes
527 2584 611 2643 quae
627 2567 659 2625 in
677 2566 835 2643 religione
851 2583 948 2642 saepe
964 2584 1040 2626 con·

278 2668 425 2743 tingunt:
455 2675 487 2725 et
515 2665 664 2725 novicios
694 2664 770 2724 hinc
800 2665 875 2725 inde
899 2666 1075 2741 graviterao

278 2764 428 2841 affligere
440 2764 562 2838 solent3
577 2773 739 2839 quatenus
749 2771 913 2839 tamquam
925 2781 1038 2823 aurum

279 2862 314 2921 in
331 2861 466 2920 fornace
482 2860 617 2935 probati,
639 2870 672 2921 et
689 2879 707 2919 a
722 2860 871 2937 rubigine
887 2861 1038 2921 vitiorum

278 2959 532 3037 praeteritorum
554 2958 698 3035 purgati:
728 2958 879 3035 fulgeatis
907 2959 940 3017 in
966 2976 1041 3019 con-

280 3066 397 3134 spectu
415 3055 477 3115 Dei
500 3055 585 3116 sicut
600 3056 673 3132 agni
697 3057 817 3116 novelli
840 3056 873 3116 in
897 3057 1041 3117 fontibus

280 3154 349 3215 loti.
393 3154 571 3214 Enimvero
593 3164 666 3230 post
688 3154 838 3214 lacrimas
860 3164 892 3214 et
912 3155 1077 3214 doloresza

281 3251 451 3328 recipietis
466 3253 708 3313 consolationes
728 3251 854 3312 divinas
877 3261 909 3312 et
924 3252 1041 3312 illumi·

281 3350 435 3410 nationes
471 3350 649 3409 mentales:
690 3366 805 3409 omnes
845 3349 973 3408 labores
1011 3359 1042 3409 et

283 3447 452 3524 angustias
481 3446 682 3507 alleviantes
732 3446 820 3523 Quid
849 3446 948 3507 vultis
977 3464 1041 3506 am·

283 3545 397 3621 plius?
442 3544 527 3603 Ecce
549 3563 636 3605 nunc
658 3546 776 3606 dantur
797 3545 890 3605 vobis
913 3555 1042 3605 terrena

284 3643 368 3703 bona
398 3660 459 3719 pro
490 3644 714 3704 sustentaculo
748 3643 894 3720 corporis
925 3643 958 3702 in
989 3643 1077 3703 viaao

284 3740 422 3815 laboris;
450 3751 564 3817 postea
592 3758 669 3801 vero
699 3742 861 3801 dabuntur
889 3741 1041 3802 caelestia

646 3842 682 3884 1⁰1
