2692 4659
251 702 576 755 emeaowwaus
594 702 672 745 xxvn
692 704 1013 757 rewwzaww

253 835 367 912 fluum,
379 836 489 896 auditu
502 836 696 912 mirandum,
707 838 796 897 cordi
805 837 1012 898 solaciosum.

253 934 339 994 Istae
352 951 446 994 rosae
458 933 629 1011 designant
640 934 747 994 carnis
759 934 1014 1012 castigationem,

252 1032 366 1091 mundi
390 1031 646 1108 despectionem,
668 1031 778 1091 cordis
793 1034 1013 1108 compunctio·

252 1146 347 1189 nem:
377 1139 409 1189 et
438 1146 562 1190 sacram
592 1129 837 1190 meditationem
865 1147 938 1190 cum
966 1130 1013 1189 in-

252 1226 353 1286 timae
375 1226 613 1303 compassionis
635 1226 754 1287 affectu
776 1244 851 1304 erga
868 1228 1036 1288 Domini-5

253 1341 323 1383 cam
335 1324 535 1400 passionem.
563 1324 647 1384 Istae
659 1340 753 1383 rosae
765 1334 917 1385 crescunt
928 1324 1013 1386 inter

251 1423 366 1499 spinas
388 1431 420 1482 et
442 1423 580 1483 tribulos
602 1432 634 1482 et
655 1422 793 1482 urticas:
816 1422 847 1482 id
863 1431 913 1482 est
929 1423 1014 1484 inter

251 1521 360 1580 varias
390 1521 498 1580 carnis
526 1520 757 1596 temptationes
784 1530 816 1580 et
841 1521 1010 1581 hominum

251 1618 461 1694 vexationes3
483 1618 538 1694 qui
561 1635 648 1678 nunc
670 1617 780 1677 verbis
803 1618 903 1694 duris,
925 1636 1012 1679 nunc

250 1716 363 1792 pravis
391 1716 539 1776 moribus
567 1716 649 1776 alios
677 1716 876 1791 inquietant:
905 1725 937 1776 et
959 1717 1013 1777 de·
1024 1736 1049 1776 io

250 1813 419 1874 votionem
441 1814 580 1874 modesti
604 1814 749 1874 hominis
771 1830 869 1889 saepe
887 1823 1012 1890 pertur-

250 1912 337 1971 bant.
366 1912 434 1971 Vae
457 1911 539 1971 illis:
561 1921 594 1972 et
608 1911 693 1971 bene
709 1911 761 1970 his
777 1911 831 1987 qui
847 1912 1013 1987 patiuntur

251 2010 422 2070 molestias
437 2009 476 2069 ab
492 2010 698 2086 importunis.
728 2009 812 2069 Istae
829 2025 922 2069 rosae
938 2009 1011 2070 ideo

251 2107 406 2167 dicuntur
441 2108 561 2167 rubeae
597 2107 667 2167 sive
702 2117 900 2182 purpureae:
936 2106 1013 2182 quia

249 2205 450 2266 verecundis
471 2205 637 2265 mentibus
657 2205 803 2264 dolorem
819 2202 965 2263 inferunt
980 2212 1047 2267 etis

249 2302 416 2362 ruborem.
459 2300 612 2362 Attamen
639 2302 774 2379 flagrant
800 2302 954 2378 suaviter,
983 2302 1009 2361 si

249 2400 374 2461 fuerint
395 2399 521 2460 duriter
540 2399 754 2460 confricatae:
777 2400 854 2476 quia
868 2400 1010 2460 humiles

247 2508 380 2559 mentes
402 2497 542 2557 dulciter
563 2498 763 2573 respondent
785 2507 818 2557 et
839 2498 909 2574 pie,
935 2516 1009 2558 cum

249 2596 374 2657 luerint
387 2595 427 2655 ab
444 2594 609 2655 iracundis
625 2604 757 2670 argutae
773 2604 804 2654 et
820 2595 1009 2670 despectae3

247 2702 280 2753 et
302 2692 479 2769 ampliores
501 2692 621 2769 gratias
637 2693 708 2752 Deo
724 2692 878 2752 reddunt:
901 2692 977 2768 quia
991 2710 1045 2754 azo

245 2790 354 2867 spinis
375 2790 599 2866 proximorum
618 2790 701 2849 laedi
718 2798 750 2849 et
765 2790 863 2866 pungi
881 2805 1007 2849 merue-

195 2897 197 2902 '
247 2897 333 2948 runt.
378 2888 463 2947 Istae
494 2904 588 2947 rosae
618 2905 718 2964 super
746 2887 854 2964 ignem
884 2887 1008 2963 positae

247 2993 279 3044 et
301 2993 455 3059 exustae,
484 2984 613 3044 dulcem
636 3002 752 3061 aquam
776 2985 927 3045 emittunt
949 3002 1007 3060 pro

248 3080 412 3141 medicina
440 3081 571 3158 utilem3
600 3082 751 3142 similiter
778 3082 873 3142 mites
896 3092 928 3142 et
949 3082 1007 3141 hu·

248 3178 343 3238 miles
374 3178 450 3255 igne
479 3178 583 3238 sancti
613 3178 766 3264 Spiritus
787 3179 916 3239 accensi
948 3196 1043 3254 prozs

248 3273 418 3336 iniuriosis
447 3285 479 3335 et
505 3276 625 3336 invidis
647 3277 700 3353 pie
723 3277 945 3337 intercedunt:
975 3286 1006 3337 et

250 3370 399 3433 lacrimas
433 3390 507 3432 cum
538 3373 661 3449 gemitu
693 3374 825 3449 saepius
858 3374 1006 3434 fundunt.

254 3465 376 3530 Revera
405 3487 523 3547 magna
553 3480 630 3530 sunt
660 3471 851 3546 patientium
881 3471 1005 3546 merita,
1027 3489 1111 3540 aepa-

256 3581 363 3644 magna
388 3568 552 3646 virginum
582 3570 754 3645 trophaea3
783 3587 897 3646 magna
921 3569 1005 3646 apud
1029 3551 1108 3591 “mssa

191 3681 196 3724 t
259 3658 355 3725 Deum
391 3665 628 3726 continentium
662 3666 786 3743 fulgent
815 3666 1041 3743 praeconiawo

193 3766 204 3827 t
263 3760 367 3831 (lilibus
389 3773 521 3824 aeterna
538 3781 666 3824 merces
682 3782 755 3823 Cum
772 3782 870 3824 aurea
885 3781 1005 3823 corolla

288 3863 519 3923 itomaeampem.
530 3868 567 3910 Vl.
607 3870 647 3910 257
875 3868 897 3908 17
