2692 4659
256 424 569 479 mm
601 425 658 468 *XIX
686 426 1005 482 wakffl

258 559 360 634 qualiter
382 559 445 620 illa
469 560 668 620 vincerent.
711 558 745 620 Si
770 570 902 622 aeterna
922 562 1007 623 bona

259 665 281 716 et
295 658 361 717 nala
382 658 427 718 ad
449 674 515 717 cor
530 656 731 717 transirent:
754 659 862 718 omnia
884 669 1006 736 tempo-

261 754 316 814 ralia
332 755 429 816 eitius
445 764 708 816 evanescerent.
738 755 803 832 Qui
822 758 867 834 ,de
884 758 1006 818 mundo

262 861 315 912 sunt
332 854 367 914 de
389 853 524 914 mundo
549 853 747 929 loquuntur3
777 855 885 931 etqui
910 855 1006 916 Chri-

205 1011 206 1016 ,
264 958 324 1009 sium
343 950 498 1028 diligunt,
521 951 565 1010 de
582 950 780 1011 caelestibus
795 952 952 1028 cogitant:
975 962 1029 1013 ets

263 1045 314 1106 diis
340 1048 500 1109 caelestia
530 1065 618 1125 quae
649 1058 757 1109 amant
784 1050 924 1111 libenter
952 1051 1006 1111 de-

204 1172 208 1211 7
264 1145 396 1207 nuntiant.
441 1145 546 1207 Stulti
569 1145 670 1205 stulta
691 1155 723 1206 et
744 1164 827 1206 vana
843 1147 1005 1208 referunt:

205 1272 207 1280 ,
265 1251 288 1300 et
312 1243 398 1304 leves
434 1243 538 1305 corde
576 1242 717 1303 libenter
747 1244 832 1305 levia
861 1245 1005 1306 audiunt.

266 1337 370 1401 Bonum
393 1351 445 1402 est
467 1357 549 1418 ergo
572 1340 614 1400 de
637 1340 763 1401 frivolis
785 1342 883 1402 rebus
905 1352 937 1403 et
958 1343 1006 1402 in·

205 1468 206 1471 =
265 1437 342 1498 certis
370 1438 549 1500 eventibus
579 1445 704 1513 tacere3
735 1448 766 1498 et
796 1440 866 1499 Deo
898 1439 1042 1505 omniaio

205 1565 209 1600 r
265 1535 501 1597 occultaiudicia
512 1552 575 1595 sua
586 1535 805 1596 committere:
828 1537 900 1597 sine
911 1538 1006 1597 cuius

204 1660 231 1699 ς,
266 1633 448 1705 providentia
476 1649 540 1693 nec
571 1631 684 1692 folium
712 1634 836 1695 arboris
859 1635 943 1695 cadit
972 1636 1004 1694 in

204 1769 208 1797 ;
267 1737 375 1794 terram.
405 1733 477 1793 Nec
497 1731 574 1792 sine
590 1748 688 1791 causa
701 1731 809 1792 iustus
830 1733 1005 1808 premitur;

205 1856 209 1895 :
267 1843 313 1888 nec
332 1848 451 1907 pauper
473 1829 651 1906 spoliatur:
681 1847 742 1890 nec
770 1830 931 1891 innocens
953 1848 1006 1891 oc·

205 1970 211 1993 ,
268 1923 372 1989 ciditur.
415 1928 524 1988 Nemo
557 1927 597 1986 de
630 1926 700 1987 Deo
732 1927 817 1988 iuste
848 1929 1004 2006 conqueri
1017 1952 1040 1993 is

210 2034 212 2038 ’
268 2019 359 2100 habet3
380 2025 456 2102 quia
471 2023 585 2085 omnia
599 2023 684 2084 iuste
700 2026 865 2101 sapienter
886 2037 918 2088 et
932 2045 1005 2104 pro·

204 2132 236 2188 :³
268 2116 323 2180 vide
348 2123 508 2200 disponit:
539 2121 617 2182 licet
646 2124 743 2184 bomo
766 2125 835 2184 vias
863 2124 1004 2185 iustitiae

204 2279 206 2283 ,
268 2214 322 2276 eius
340 2238 402 2281 non
419 2221 686 2297 comprehendat.
717 2222 782 2299 Qui
802 2223 888 2283 enim
912 2240 1002 2299 spem

204 2346 208 2355 ·
269 2326 338 2376 suan
359 2318 390 2378 in
408 2320 480 2378 Deo
504 2317 642 2377 lirmiter
662 2320 763 2395 ponit,
784 2321 868 2381 bene
888 2330 950 2381 stat
973 2331 1004 2381 et

205 2440 213 2477 Ξ
268 2424 315 2471 non
346 2415 527 2476 vacillabit:
563 2416 844 2494 qualitercumque
881 2436 935 2478 res
971 2419 1040 2481 inao

205 2541 217 2570 ς
268 2513 365 2572 mundo
395 2522 581 2574 transeunt.
632 2516 726 2575 Vnde
758 2533 835 2592 ergo
867 2516 941 2575 lites
972 2525 1004 2575 et

206 2630 217 2669 r
267 2602 330 2668 bella
350 2611 435 2672 inter
457 2610 639 2671 homines?
682 2614 801 2674 Nonne
824 2631 863 2673 ex
886 2631 1003 2673 concu-

205 2711 216 2765 ’,κ
267 2702 402 2774 piscantia
438 2709 550 2770 carnis
586 2720 618 2769 et
653 2711 806 2787 superbia
841 2710 1003 2786 spiritus?

205 2824 215 2864 t
268 2795 346 2866 Radix
367 2806 456 2868 enirn
480 2806 627 2866 omnium
651 2810 808 2869 malorum
833 2808 1002 2881 cupiditas.

204 2922 208 2961 1
266 2894 337 2974 Quae
358 2905 385 2965 si
416 2904 582 2965 refrenata
610 2923 675 2965 non
699 2906 812 2967 luerit:
842 2906 880 2965 ad
910 2905 1039 2970 innu-zs

205 3002 212 3022 ²
266 3009 333 3060 uera
354 3004 439 3062 mala
460 3001 618 3078 perducit.
662 3003 747 3064 Cum
772 3002 859 3062 enim
876 3001 1002 3062 deside·

207 3112 210 3120 ·
266 3105 314 3156 rata
337 3099 422 3160 bona
452 3109 627 3174 negantur,
658 3111 713 3160 aut
742 3100 850 3159 habita
878 3101 1002 3160 subtra-

205 3222 209 3230 ·
265 3186 380 3271 huntur3
405 3196 441 3257 fit
463 3196 592 3255 animus
615 3197 727 3271 tristis,
750 3197 876 3273 exurgit
897 3200 1002 3258 latens

205 3306 207 3310 ·
265 3292 351 3356 passio
373 3293 441 3354 litis
464 3293 497 3352 in
521 3294 634 3353 corde:
657 3305 689 3355 et
711 3294 887 3370 indignatio
908 3314 1001 3371 appa-

265 3395 300 3444 ret
317 3389 347 3449 in
363 3391 468 3464 vultu,
489 3398 521 3449 et
537 3407 599 3449 vox
621 3392 702 3451 dura
717 3392 858 3467 erumpit
880 3393 918 3451 ab
934 3410 1037 3457 oreao

266 3474 291 3538 ln
309 3488 397 3547 nobis
420 3496 472 3549 est
494 3503 570 3563 ergo
586 3489 721 3548 materia
738 3489 804 3547 litis
826 3500 857 3549 et
879 3490 1000 3549 discor·

606 3592 644 3633 ιη
