2692 4659
261 653 1027 707 &mmmmm

263 786 379 864 patuit.
421 786 487 848 Sed
509 797 618 848 tamen
640 804 683 848 ne
706 788 797 847 Deus
819 788 973 864 pauperis
995 799 1027 848 et

263 885 403 945 humilis
430 886 569 947 ancillae
598 903 678 946 suae
700 885 823 945 doloris
853 896 884 946 et
906 886 1027 947 laboris

265 983 416 1044 oblivisci
440 984 571 1060 penitus
593 983 774 1059 videretur,
803 994 835 1044 et
857 985 1027 1045 laudabilis

264 1082 422 1159 patientia
437 1081 564 1141 eiusde
580 1099 637 1142 ore
653 1082 823 1142 hominum
841 1083 1027 1160 tolleretur3

265 1180 411 1242 ostendit
426 1180 523 1241 etiam
535 1180 633 1241 certis
644 1180 776 1240 indiciis
791 1198 899 1240 coram
914 1183 1050 1242 huma-5

265 1279 319 1339 nis
342 1278 546 1355 aspectibus:
569 1295 665 1354 quam
685 1277 811 1356 magnis
826 1278 953 1339 meritis
968 1279 1027 1339 mi-

266 1387 357 1438 caret
379 1377 412 1436 in
435 1376 545 1451 caelis,
568 1376 622 1436 diu
639 1376 750 1436 iacens
764 1394 893 1453 gemma
908 1377 1027 1437 nobilis

267 1474 300 1534 in
324 1473 489 1551 ergastulo
512 1473 629 1533 carnis.
660 1474 742 1533 Nam
759 1474 905 1551 virginea
926 1475 1027 1535 facies

267 1571 341 1631 eius
364 1589 448 1648 quae
470 1571 614 1630 virorum
636 1571 811 1632 declinavit
826 1581 978 1647 aspectus
993 1583 1027 1633 ut

267 1670 445 1730 caelestem
457 1686 614 1744 sponsum
627 1670 753 1729 videret
765 1670 943 1746 limpidiuS,
958 1672 1027 1730 nul·
1040 1684 1064 1725 ιο

268 1770 336 1827 lum
370 1766 484 1825 mortis
515 1767 748 1842 praetendebat
778 1768 934 1842 pallorem
967 1785 1027 1827 nec

269 1866 459 1938 horrorem3
482 1864 540 1923 sed
563 1865 654 1940 quasi
678 1865 751 1923 oleo
766 1866 818 1924 vel
834 1865 942 1941 aliquo
959 1884 1028 1926 aro-

269 1960 390 2021 matico
413 1960 539 2036 liquore
562 1962 653 2022 linita
668 1962 795 2037 fuisset,
817 1972 904 2023 tanto
919 1965 1027 2039 splen-

270 2060 350 2120 dore
374 2068 406 2118 et
423 2058 550 2118 decenti
566 2059 716 2119 albedine
733 2060 889 2119 radiabat:
912 2071 946 2120 ut
962 2078 1027 2120 non

270 2157 374 2217 facies
405 2156 590 2216 communis
621 2156 765 2216 hominis
797 2159 942 2217 mortalis
974 2168 1027 2219 aut
1040 2175 1064 2216 15

269 2254 441 2315 cadaveris
463 2253 607 2313 defuncti
636 2254 819 2328 videretur,
847 2255 906 2314 sed
935 2256 1027 2331 quasi

269 2352 451 2413 similitudo
474 2352 617 2412 hominis
645 2351 814 2429 glorificati
844 2353 1029 2429 aspicienti-

269 2452 332 2511 bus
369 2459 548 2525 appareret.
601 2450 761 2510 Dicebant
796 2467 937 2526 namque
972 2453 1027 2528 qui

269 2550 421 2609 aderant:
444 2565 621 2625 numquam
638 2557 703 2607 tam
719 2548 901 2623 speciosam
918 2549 1028 2627 imagi-

270 2664 347 2707 nem
371 2646 563 2706 sevidisse.
605 2646 700 2705 Vnde
723 2655 755 2704 et
777 2645 852 2706 licet
874 2647 966 2708 multi
989 2649 1065 2707 adzo

268 2745 444 2806 videndam
467 2762 537 2806 eam
565 2746 689 2823 pluries
717 2748 933 2808 accesserint:
963 2766 1028 2808 non

269 2853 379 2903 tamen
402 2853 551 2919 poterant
572 2853 706 2918 aspectu
729 2844 801 2902 eius
824 2845 943 2906 satiari.
981 2845 1029 2905 Si·
1123 2849 1126 2854 ’

271 2941 393 3001 militer
414 2950 447 3001 et
467 2951 570 3002 totum
593 2959 713 3017 corpus
736 2942 849 3001 eadem
878 2943 1028 3002 albedine

270 3049 301 3099 et
312 3038 413 3099 simili
425 3039 599 3114 splendore
610 3039 747 3115 nitebat3
763 3049 915 3117 tantaque
928 3042 1029 3118 gratia

271 3136 421 3197 sanitatis
451 3153 488 3195 ac
523 3136 651 3196 decenti
689 3138 884 3198 carnositate
920 3138 1066 3198 omniazs

272 3234 419 3295 membra
449 3234 521 3294 eius
552 3235 772 3312 refulgebant:
808 3236 900 3312 quasi
937 3253 1030 3295 num-

272 3349 368 3409 quam
398 3332 520 3409 aliquid
549 3332 748 3394 infirmitatis
776 3350 872 3409 passa
902 3333 1028 3393 luisset.

273 3430 426 3490 Fractura
446 3430 543 3490 etiam
567 3430 685 3491 Frontis
709 3431 781 3490 eius
805 3431 882 3490 olim
908 3430 941 3489 in
964 3430 1030 3490 vita

272 3545 449 3606 apparens,
479 3528 619 3589 totaliter
643 3528 792 3604 evanuit3
822 3527 922 3604 pedes
950 3544 1030 3603 quo-

274 3643 336 3702 que
358 3635 391 3686 et
405 3644 510 3701 crura,
531 3644 648 3686 manus
663 3636 696 3686 et
710 3626 871 3701 bracchia,
894 3625 1066 3685 collum-³0

275 3739 336 3799 que
358 3723 585 3804 corpulentum
601 3740 638 3782 ac
654 3732 756 3783 totum
775 3739 895 3799 corpus
916 3721 960 3782 ita
981 3721 1029 3781 in·

631 3828 671 3869 443
