2692 4659
574 704 741 758 Epilegomena.

279 837 377 898 nibus
399 837 470 898 suis
498 839 665 913 paululum
691 838 942 913 temperandum
965 853 1032 896 esse

279 918 485 979 arbitrentur.
514 918 623 994 Atque
636 918 664 977 si
680 918 765 978 alius
779 916 926 977 Thomae
942 918 1032 977 inter·

279 999 489 1075 punctionem
505 999 730 1074 mutavissem,
752 998 836 1058 alius
855 1016 923 1058 non
939 1008 1032 1058 muta-

279 1080 402 1139 vissem
425 1080 689 1156 orthographiam
704 1096 742 1139 se
758 1080 855 1139 malle
871 1078 960 1155 dicit,
981 1096 1033 1138 cur

279 1161 438 1220 lectorum
483 1177 550 1220 non
599 1160 839 1236 philologorum
885 1160 1034 1235 patientia

278 1241 435 1300 monstris
463 1240 724 1317 orthographicis
753 1240 787 1300 in
819 1240 939 1316 quovis
971 1241 1033 1300 fere

277 1338 376 1380 versu
413 1321 614 1381 excudendis
649 1320 737 1381 abuti
780 1321 965 1395 noluerim,
1005 1321 1032 1380 in

278 1411 429 1477 promptu
465 1413 524 1462 est.
577 1401 666 1478 Quid
702 1400 790 1461 enim
827 1401 1033 1462 iucunditatis

278 1491 332 1541 aut
363 1482 510 1542 utilitatis
542 1482 708 1542 adferrent
739 1482 926 1558 legentibus
958 1482 1032 1542 nihil

277 1562 341 1621 nisi
373 1562 502 1638 pietatis
538 1562 687 1623 adfectus
718 1563 922 1622 sectantibus
952 1563 1032 1622 cimi-

278 1643 410 1713 terium,
432 1643 625 1712 elemosina,
648 1643 899 1713 habundancia,
925 1643 1032 1712 leticie,

278 1723 392 1792 michi,
415 1723 532 1792 nichil,
552 1723 750 1797 penitencie,
774 1724 876 1796 prom
898 1724 1032 1783 similes·

277 1821 341 1879 que
377 1803 572 1864 insolentiae
608 1803 815 1863 sescentiens
851 1803 1032 1880 repetitae?

278 1883 385 1944 Cuius
420 1884 467 1943 rei
503 1884 632 1943 veniam
669 1900 709 1943 eo
746 1884 876 1943 facilius
908 1902 961 1943 me
992 1885 1032 1943 in-

277 1974 477 2040 petraturum
509 1981 584 2023 esse
615 1981 733 2039 spero,
768 1980 833 2039 quo
864 1964 1032 2041 inpensius

277 2044 310 2104 in
334 2044 576 2121 Epilegomenis
605 2054 637 2104 et
666 2044 699 2104 in
729 2043 950 2105 Adnotatione
979 2045 1032 2104 cri-

277 2125 340 2185 tica
362 2142 494 2201 operam
517 2124 675 2200 dederim,
699 2142 741 2184 ne
763 2125 939 2202 philologi,
962 2124 1032 2202 quid

277 2205 311 2265 in
332 2205 383 2264 Ar
408 2205 547 2282 singulis
575 2205 657 2265 locis
680 2205 837 2281 scriptum
860 2205 921 2281 sit,
950 2206 1033 2282 igno-

278 2297 367 2361 rent3
403 2286 678 2361 interpunctionis
709 2296 817 2345 autem
850 2286 1033 2362 discrepan-

278 2367 340 2426 tiae
376 2366 540 2426 artissime
576 2383 650 2425 cum
687 2365 832 2426 Thomae
872 2365 1033 2427 scribendi

277 2463 398 2522 genere
410 2447 626 2507 cohaerentes
641 2464 750 2524 neque
765 2457 830 2507 tam
847 2446 1034 2524 frequentes

279 2543 387 2602 neque
410 2537 473 2586 tarn
498 2527 651 2587 difficiles
672 2537 766 2600 sunt,
788 2527 868 2603 quin
891 2529 1034 2604 legentes

278 2607 364 2666 haud
387 2607 430 2666 ita
453 2624 568 2683 magno
591 2608 701 2668 labore
726 2608 798 2667 illas
823 2609 1034 2684 comprehen-

278 2705 374 2747 suros
403 2699 499 2763 atque
529 2688 644 2764 aequis
671 2688 790 2748 animis
817 2689 942 2748 laturos
966 2704 1034 2748 esse

279 2767 449 2828 confidam.
480 2768 544 2829 Sed
567 2768 653 2844 quod
669 2769 721 2828 his
737 2768 886 2828 minutiis
907 2770 1035 2845 gravius

278 2860 344 2923 est,
380 2848 581 2908 dubitatione
616 2849 793 2923 sollicitor,
824 2867 904 2909 num
937 2861 1034 2909 artem

278 2930 423 2989 criticam
460 2929 610 2989 factitans
646 2930 736 2989 locos
772 2929 890 2989 dubios
924 2946 1035 2990 omnes

278 3020 366 3069 recte
383 3011 434 3069 vel
450 3010 585 3086 legerim
596 3011 649 3069 vel
661 3010 916 3069 emendaverim.
934 3011 1034 3070 Probe

278 3090 430 3166 equidem
460 3091 529 3149 scio
558 3090 823 3166 distinguendum
853 3107 931 3151 esse
955 3092 1035 3150 inter

278 3187 387 3229 meros
419 3170 533 3229 calami
566 3188 696 3230 errores
732 3181 762 3229 et
794 3171 906 3245 lapsus
938 3171 1033 3247 scrip-

277 3250 357 3310 toris
389 3251 527 3325 indocti,
562 3268 701 3327 quorum
734 3261 768 3309 ut
802 3250 877 3310 illos
910 3251 1033 3327 corrigi,

277 3331 320 3390 ita
342 3331 403 3390 hos
432 3348 497 3390 non
526 3332 595 3391 tolli
625 3342 883 3391 consentaneum
908 3344 976 3407 est;
1004 3332 1032 3390 in

277 3428 341 3488 qua
356 3411 566 3472 distinctione
588 3412 616 3471 si
634 3429 701 3472 non
717 3412 838 3488 ubique
854 3412 929 3472 aliis
945 3412 1032 3472 satis-

278 3492 424 3565 fecerim,
445 3509 510 3551 non
534 3492 686 3567 mirabor,
708 3509 782 3552 curn
804 3510 847 3552 ne
870 3493 950 3553 mihi
969 3491 1032 3569 qui·
1066 3544 1071 3555 .

277 3572 350 3631 dem
374 3574 445 3648 ipse
466 3573 695 3633 satisfecerim.

318 3678 444 3751 Restat,
473 3691 508 3738 ut
529 3679 698 3753 omnibus,
726 3677 781 3754 qui
804 3678 837 3738 in
861 3680 924 3738 hoc
946 3680 1030 3738 volu·

277 3758 365 3818 mine
388 3760 608 3819 elucubrando
630 3770 810 3835 utcumque
829 3776 883 3819 me
905 3760 1029 3819 adiuve-

634 3872 676 3913 ⁴92
