2692 4659
277 644 1122 700 mmmmm·

276 778 433 854 quasdam
456 778 614 838 ecclesias
630 779 827 857 principales
846 781 1035 856 ambularet,

277 885 309 935 et
332 875 418 935 inter
439 877 571 935 arbusta
592 885 624 936 et
640 877 767 952 spineta
781 878 943 938 bracchiis
958 878 1035 938 hinc

276 974 353 1033 inde
376 974 541 1050 protensis
563 974 747 1050 incederet;
778 993 817 1035 cx
840 976 964 1036 eisdem
987 994 1035 1035 ar-

277 1072 419 1132 bustulis
441 1072 567 1149 spinam
591 1073 624 1132 in
641 1072 750 1148 digitis
766 1074 911 1150 suscepit
933 1083 965 1133 et
987 1092 1036 1134 re·

275 1170 431 1246 portavit:
462 1170 502 1230 de
527 1170 622 1230 cuius
651 1171 859 1232 incommodo
888 1172 973 1231 sicut
995 1172 1057 1231 des

276 1268 350 1328 aliis
372 1268 615 1329 infirmitatibus
638 1269 788 1346 fereper
812 1270 945 1330 biduum
969 1288 1034 1330 non

275 1366 442 1426 modicum
465 1368 660 1428 laedebatur.
698 1368 835 1444 Propter
856 1369 915 1427 has
938 1367 1035 1444 igitur

274 1465 463 1541 corporales
492 1465 638 1525 laesuras
667 1482 749 1541 quas
778 1465 826 1525 sic
858 1465 1034 1541 reportavit

274 1563 372 1623 solita
393 1573 462 1623 erat
484 1564 594 1623 dicere
616 1563 798 1623 secundum
821 1563 957 1622 verbum
980 1581 1035 1623 an-

274 1659 356 1735 geli:
386 1661 473 1737 quod
495 1662 626 1738 putabat
655 1678 692 1721 se
715 1661 811 1721 ctiam
841 1660 874 1720 in
898 1678 1070 1737 corporero

275 1768 399 1835 raptam
431 1759 543 1819 fuisse.
587 1759 651 1820 Sed
681 1759 820 1836 qualiter
848 1758 1032 1819 istiusmodi

276 1856 465 1932 corporales
488 1866 598 1933 raptus
620 1856 757 1916 fiebant:
787 1856 878 1916 novit
899 1857 1034 1932 angelus

274 1953 347 2029 ipse
376 1954 431 2030 qui
462 1972 533 2014 eam
563 1955 716 2030 ducebat,
746 1964 777 2015 et
806 1954 845 2014 de
874 1955 923 2014 eis
945 1954 1033 2014 testi·

275 2051 425 2110 monium
447 2051 647 2127 perhibebat.

318 2148 485 2209 Interdum
508 2149 656 2210 Salvator
682 2159 794 2210 noster
821 2149 914 2208 iesus
937 2149 1033 2211 Chri·
1045 2170 1069 2209 15

275 2255 348 2305 stus
378 2230 574 2307 caelestibus
603 2247 786 2323 agminibus
808 2248 962 2321 vallatus,
986 2248 1033 2307 in·

275 2360 413 2419 gressus
444 2344 594 2404 cellulam
626 2344 716 2418 eiuS,
747 2344 839 2420 quasi
871 2362 927 2403 rex
959 2361 1032 2403 curn

276 2440 480 2517 principibus
509 2442 579 2502 suis
607 2442 646 2501 ad
669 2458 815 2501 mensam
839 2458 875 2500 se
898 2441 1033 2500 colloca-

274 2538 338 2598 vit:
367 2555 405 2597 ac
427 2538 513 2600 circa
541 2540 695 2599 lectulum
719 2538 790 2598 eius
815 2538 961 2598 ordinate
983 2555 1033 2597 se-

275 2637 411 2710 dentes,
447 2637 644 2697 caelestibus
680 2654 751 2696 earn
788 2636 894 2712 epulis
926 2635 1069 2710 copia-20

274 2733 410 2793 sissime
439 2734 635 2794 reiecerunt.
681 2735 719 2794 Et
748 2733 825 2810 quid
857 2734 974 2793 mirum
1004 2734 1032 2793 si

275 2831 436 2908 corporali
453 2831 526 2892 cibo
541 2850 607 2892 non
623 2832 728 2908 eguit3
743 2848 826 2908 quae
837 2832 900 2890 iam
912 2830 1032 2890 divinis

274 2930 404 3008 pabulis
434 2948 508 2990 cum
540 2929 665 3005 angelis
696 2929 915 2989 nutriebatur:
947 2928 1032 2988 sicut

274 3029 425 3089 Salvator
454 3028 526 3104 ipse
558 3027 686 3087 diabolo
722 3026 892 3103 temptanti
924 3043 960 3085 sc
992 3025 1032 3085 de

273 3144 359 3202 pane
388 3125 566 3202 respondit.
611 3124 774 3202 Scriptum
805 3134 871 3199 est,
902 3140 966 3183 non
998 3122 1068 3186 inas

273 3223 346 3283 solo
368 3239 452 3299 pane
472 3222 552 3283 vivit
567 3223 681 3282 homo:
704 3222 762 3281 sed
778 3222 811 3281 in
827 3221 915 3281 omni
931 3221 1031 3281 verbo

273 3321 362 3398 quod
384 3320 531 3397 procedit
553 3320 593 3380 de
615 3337 672 3380 ore
695 3320 767 3379 Dei.

625 3528 679 3583 88
