2692 4659
235 664 561 717 &mmffiffios
579 663 657 706 xxvn
678 663 998 717 Υὲκᾟέἓῇᾒῖὠὶὓῶᾶῧ

236 799 270 857 in
293 797 400 857 bivio:
430 806 462 857 et
484 797 608 857 intrans
638 797 816 873 hospitium
840 797 924 857 sedit
952 797 995 857 ibi

238 897 278 956 ad
308 896 488 956 bibendum
525 905 557 955 et
592 895 720 955 modice
749 895 996 972 quiescendum.

239 994 376 1054 Interim
399 1010 479 1054 vero
501 1010 606 1069 equus
628 993 721 1051 solus
743 993 823 1053 loris
853 1003 943 1053 stans
965 1004 997 1054 et

237 1092 366 1151 nullum
389 1091 506 1150 adesse
528 1090 654 1165 videns
677 1091 915 1167 quodammodo
938 1092 996 1151 im-

237 1189 401 1266 patienter
412 1198 530 1264 motus,
545 1188 631 1265 quod
647 1189 681 1247 in
692 1190 764 1249 loco
780 1190 887 1249 alieno
898 1199 1019 1265 esset‚5

239 1298 271 1348 et
287 1305 305 1346 a
321 1289 419 1347 domo
441 1304 520 1347 suae
543 1286 753 1347 habitationis
768 1288 930 1348 violenter
944 1288 997 1347 ab·

237 1386 375 1445 ductus:
387 1385 494 1461 coepit
505 1395 600 1460 caput
611 1402 708 1445 suum
721 1386 910 1462 frequenter
920 1386 997 1446 hinc
1011 1417 1014 1422 ·

237 1482 315 1543 inde
326 1484 459 1559 agitare,
474 1493 506 1544 et
517 1484 655 1560 pedibus
671 1484 848 1544 calcitrare.
879 1483 917 1544 Et
932 1493 995 1543 tam

237 1581 294 1641 diu
317 1582 424 1642 lorum
447 1600 511 1659 quo
541 1583 658 1660 ligatus
680 1592 748 1643 erat
774 1582 835 1640 hac
857 1581 996 1658 illacque

238 1680 406 1740 distraxit:
422 1680 526 1741 donec
538 1681 669 1757 penitus
681 1681 824 1740 solveret
834 1678 997 1754 ligaminis
1010 1693 1034 1733 ro

237 1779 373 1838 nodum.
403 1778 557 1855 Cumque
572 1795 608 1837 se
625 1778 763 1838 liberum
780 1787 811 1838 et
822 1776 996 1837 enodatum

240 1876 304 1935 iarn
329 1876 477 1952 sentiret,
506 1887 537 1937 et
559 1893 724 1937 sessorem
748 1893 844 1935 suum
867 1875 921 1935 diu
944 1891 998 1935 ex-

239 1973 402 2049 pectando
417 1990 482 2034 non
498 1974 698 2051 perciperet:
714 1984 746 2034 et
762 1974 837 2050 quia
851 1973 998 2033 naturale

241 2081 293 2131 est
315 2071 448 2131 animali
478 2072 575 2149 ligato
598 2072 733 2149 diligere
762 2072 943 2131 libertatern
967 2080 998 2130 et

240 2169 279 2229 ad
303 2186 401 2229 suurn
431 2171 566 2230 tendere
595 2170 757 2230 stabulum
788 2179 1034 2245 consuetum315

240 2266 350 2327 statim
366 2267 463 2327 vertit
485 2276 580 2344 caput
602 2284 699 2327 suurn
715 2267 753 2326 ad
769 2266 854 2326 viam
878 2277 997 2327 rectam

241 2382 306 2441 qua
329 2375 481 2425 venerat:
511 2375 543 2426 et
565 2367 656 2426 solus
681 2367 750 2426 Deo
773 2365 912 2425 ducente
936 2366 999 2425 for-

240 2464 318 2523 titer
333 2480 471 2524 currens
487 2464 526 2523 ad
541 2475 666 2541 portam
683 2464 871 2524 monasterii
888 2464 999 2524 salvus

239 2560 402 2636 pervenit.
446 2561 559 2638 lbique
595 2578 726 2622 morose
762 2572 852 2622 stans
883 2571 915 2622 et
945 2580 999 2621 ex·

239 2667 377 2734 pectans
400 2658 433 2717 in
457 2659 528 2719 loco
550 2658 612 2718 sibi
642 2669 735 2720 noto:
765 2678 782 2720 a
804 2660 945 2736 portario
968 2670 1036 2721 et20

240 2758 360 2816 colono
390 2766 503 2818 nostro
525 2758 609 2817 bene
639 2758 788 2834 cognitus
811 2768 861 2818 est
882 2768 914 2819 et
937 2759 999 2819 lae-

239 2865 349 2915 tanter
377 2854 599 2915 introductus:
627 2856 667 2915 de
690 2873 754 2932 quo
778 2857 868 2916 Deus
897 2866 1000 2917 aeter-

241 2952 363 3012 naliter
385 2952 428 3012 sit
449 2953 651 3013 benedictus.

281 3050 311 3111 Ο
328 3050 519 3111 beatissima
533 3052 637 3127 Agnes
658 3068 790 3127 semper
811 3053 1001 3112 honoranda

240 3148 307 3208 tuis
324 3149 388 3207 hoc
399 3149 526 3209 meritis
537 3150 746 3226 deputamus:
758 3149 834 3225 quia
844 3150 878 3209 in
889 3151 999 3211 multis
1009 3165 1036 3206 25

242 3246 498 3307 necessitatibus
525 3247 647 3307 nostris
669 3256 724 3307 tua
746 3247 925 3322 patrocinia
946 3265 1000 3308 ex·

241 3344 325 3420 perti
358 3361 484 3405 sumus.
528 3346 670 3423 ideoque
701 3344 872 3406 Christum
904 3346 936 3406 in
968 3356 999 3406 te

243 3442 471 3519 praedicamus
487 3452 519 3502 et
534 3443 650 3503 devote
673 3443 865 3503 invocamus
887 3454 919 3504 et
934 3445 999 3504 lau-

244 3542 376 3602 damus:
398 3540 517 3618 gratias
539 3550 673 3618 agentes
697 3542 766 3601 Deo
789 3558 920 3617 semper
941 3559 999 3617 pro

246 3639 398 3699 omnibus
417 3639 513 3699 bonis
535 3638 605 3698 suis
627 3639 884 3699 misericorditer
905 3641 1036 3700 nobisoo

247 3754 344 3814 saepe
371 3738 506 3798 collatis.
542 3735 658 3796 Amen.

601 3840 639 3882 aer
