2692 4659
366 658 528 711 &ffiffl
557 657 719 699 SERMONES
735 658 774 699 Ab
791 657 940 701 NOVlClOS
966 660 1129 712 [ᾢζχῆἵθζχὶῇ

369 790 520 850 diurnum
537 801 569 851 et
584 800 780 851 nocturnum
797 793 881 852 collo
897 793 1048 853 monachi
1069 794 1129 853 inr-

368 887 528 965 positum:
557 889 701 950 ostendit
722 890 787 949 cito
816 901 972 966 quantum
997 902 1128 967 portare

369 996 475 1062 potest
497 1004 555 1062 pro
578 1004 689 1046 amore
712 987 773 1047 Dei
804 998 836 1048 et
860 988 1035 1049 sustinere.
1079 989 1128 1048 ld-

369 1084 456 1144 circo
478 1084 511 1144 in
534 1084 622 1143 omni
646 1085 718 1145 loco
740 1096 772 1146 et
794 1097 890 1162 statu,
912 1086 946 1146 in
968 1086 1058 1146 omni
1081 1087 1128 1146 of-

345 1181 443 1241 slicio
466 1191 497 1242 et
520 1181 675 1259 dignitate
700 1185 877 1260 spirituali,
907 1195 962 1244 aut
990 1201 1127 1261 occupa-

369 1280 458 1340 tione
488 1280 676 1356 temporali:
710 1283 910 1357 permaxime
940 1282 1128 1342 necessaria

369 1388 420 1437 est
435 1377 630 1454 longanimis
646 1380 801 1455 patientia
815 1398 852 1440 ac
863 1380 993 1440 divinae
1005 1382 1127 1457 gratiae

369 1477 457 1552 larga
486 1475 655 1536 affluentia
686 1495 760 1537 cunr
793 1477 956 1553 frequenti
992 1495 1138 1553 precum¹

369 1573 539 1649 instantia3
556 1591 598 1634 ne
614 1574 744 1634 infirma
758 1592 852 1635 mens
868 1575 993 1635 crebris
1008 1575 1128 1635 ictibus

335 1681 469 1747 rotacta,
498 1681 668 1731 moveatur
697 1672 803 1733 subita
828 1673 875 1732 ira
896 1672 935 1732 ad
958 1672 1128 1748 impatien-

369 1770 463 1844 tiam,
498 1779 553 1828 aut
586 1769 796 1846 suggestione
831 1779 963 1830 satanae
993 1781 1128 1845 quaerat

369 1866 505 1926 reddere
528 1866 722 1926 vindictam:
751 1866 882 1944 indigne
913 1867 1047 1927 ferendo
1073 1867 1128 1927 ob·

369 1964 498 2040 probria
519 1963 581 2023 sibi
604 1963 739 2023 obiecta.

410 2062 485 2121 Noli
501 2061 597 2121 miles
608 2061 735 2123 Christi
752 2062 882 2138 lugere:
897 2062 963 2122 noli
975 2073 1006 2122 te
1017 2061 1127 2138 ipsum

335 2176 360 2217 15
369 2159 516 2235 deicere3
538 2158 604 2219 noli
627 2176 645 2218 a
663 2159 768 2234 primo
792 2158 922 2218 fervore
939 2169 1127 2234 tepescere:

369 2273 430 2316 nec
461 2257 501 2316 de
532 2257 661 2316 divinae
691 2256 874 2316 dulcedinis
903 2255 1129 2317 consolatione

369 2353 541 2414 haesitare.
586 2355 660 2414 Noli
691 2371 850 2430 quaerere
874 2354 1037 2414 exteriora
1059 2372 1131 2414 cor-

369 2452 458 2528 poris
474 2453 645 2512 commoda
656 2452 784 2512 animae
799 2462 874 2511 tuae
890 2452 983 2511 valde
997 2452 1132 2513 nociva:

369 2550 427 2610 sed
449 2561 581 2626 propter
604 2551 710 2610 Deum
742 2549 870 2609 sustine
898 2548 1133 2624 temptationes

332 2659 401 2709 aoet
423 2648 592 2708 hominum
615 2648 807 2709 vexationes
829 2658 893 2707 tarn
910 2648 994 2707 bene
1016 2647 1050 2706 in
1067 2648 1132 2708 hoc

369 2747 440 2806 loco
470 2746 554 2805 sicut
583 2745 616 2805 in
646 2746 709 2805 alia
731 2746 837 2804 domo.
881 2745 951 2803 Nec
973 2743 1133 2804 aestimes

369 2854 400 2904 te
428 2862 447 2903 a
476 2844 546 2903 Deo
576 2843 769 2903 derelictum
799 2842 827 2901 si
857 2842 958 2901 multa
989 2840 1047 2900 tibi
1078 2858 1133 2902 oc·

368 2951 503 3001 currunt
518 2942 557 3000 ad
568 2940 775 3016 patiendum;
791 2940 947 3015 quianon
963 2956 1000 2999 es
1011 2940 1133 3001 melior

369 3038 505 3100 Christo
527 3054 641 3113 passo:
670 3054 732 3097 nec
757 3037 955 3113 martyribus
984 3038 1133 3099 sanctior

331 3134 521 3195 asatroeiter
541 3134 733 3194 interiectis.
777 3135 939 3194 Homines
968 3146 1068 3211 agunt
1097 3147 1131 3196 et

368 3250 467 3309 saepe
498 3233 720 3308 obloquuntur
749 3232 835 3292 sicut
867 3232 1035 3309 homines3
1066 3250 1130 3293 nec

368 3347 500 3406 semper
518 3347 633 3390 verum
649 3339 700 3389 est
716 3330 802 3405 quod
818 3329 946 3389 dicunt:
968 3346 1030 3389 nec
1046 3331 1130 3390 mul·

367 3439 435 3489 tum
459 3428 638 3488 curandum
661 3427 689 3486 si
712 3428 843 3488 laudant
863 3428 915 3487 vel
932 3428 1129 3503 vituperant.

368 3525 459 3587 Cave
481 3526 570 3585 omni
593 3536 740 3600 tempore
763 3534 795 3585 et
817 3526 889 3584 loco
914 3542 932 3585 a
953 3525 1127 3586 malefacto

330 3635 399 3685 soet
421 3623 590 3683 scandalo:
613 3633 645 3682 et
667 3623 759 3682 Deus
782 3622 930 3683 liberabit
944 3631 977 3682 te
992 3640 1010 3682 a
1025 3623 1126 3683 verbo

367 3721 480 3797 iniquo
503 3721 543 3780 de
565 3731 597 3781 te
620 3720 821 3780 mendaciter
836 3720 931 3781 dicto.
962 3720 1124 3797 Scriptum

726 3826 765 3866 roo
