2692 4659
352 672 512 725 mm
541 672 703 716 sermones
718 674 758 716 ao
775 673 924 717 Novlclos
950 674 1115 728 tostum

353 804 465 866 iuvare
497 815 529 866 et
559 807 688 884 eripere
719 824 835 868 omnes
866 808 1044 869 clamantes
1075 810 1115 869 ad

354 921 400 963 se.
443 904 547 965 Nocte
569 923 648 966 vero
673 907 842 983 sequenti:
872 907 945 967 talis
974 908 1004 967 ei
1027 908 1115 968 visio

354 1004 500 1079 apparuit
522 1005 706 1066 dormienti.
736 1006 915 1067 Videbatur
936 1006 1023 1066 enirn
1040 1006 1116 1081 sibi,

354 1102 439 1176 quod
467 1101 499 1160 in
532 1104 625 1164 horto
657 1103 794 1179 pomerii
828 1104 918 1163 solus
949 1103 1115 1163 transiret.

331 1198 418 1259 sCui
442 1216 620 1260 occurrens
642 1209 787 1260 satanas:
810 1200 917 1276 ipsum
934 1209 1058 1260 terrere
1082 1210 1116 1259 et

355 1296 466 1372 fugare
490 1298 606 1373 coepit.
637 1296 758 1358 mille
781 1297 974 1373 perterritus
996 1297 1115 1357 afacie

355 1394 443 1455 eius:
479 1395 587 1472 coepit
623 1412 855 1472 praecurrere,
890 1404 925 1455 ut
960 1395 1116 1455 evaderet

355 1509 471 1552 manus
493 1494 575 1555 eius,
618 1495 752 1554 Etcum
776 1510 841 1553 non
864 1493 998 1553 auderet
1022 1501 1115 1553 extra

355 1599 466 1667 saepta
487 1592 676 1652 monasterii
699 1593 854 1652 transire:
880 1609 919 1651 ex
942 1591 1114 1667 repentino

321 1704 453 1748 rocursu
476 1690 584 1750 subito
606 1690 723 1750 cecidit
745 1691 778 1750 in
811 1692 931 1750 fossam
954 1706 1057 1766 aquae
1079 1689 1114 1748 in

355 1786 468 1846 limum
491 1788 654 1862 profundi.
697 1788 831 1849 Timens
854 1806 931 1866 ergo
947 1787 1114 1864 submergi

355 1902 429 1945 cum
452 1886 577 1946 nullum
601 1886 718 1946 adesse
741 1886 867 1946 videret
889 1885 944 1962 qui
967 1901 1041 1944 eum
1065 1883 1116 1943 iu-

355 1993 445 2043 varet
467 1992 499 2043 et
521 1985 721 2044 extraheret:
751 1984 857 2060 coepit
886 1984 969 2043 intra
999 1999 1035 2041 se
1058 1999 1116 2042 an·

355 2081 492 2156 gelicam
514 2082 741 2142 salutationem
765 2083 874 2158 legere
903 2090 934 2141 et
956 2079 1115 2140 auxilium

323 2189 477 2254 rspetere.
520 2181 599 2241 Mox
629 2181 735 2258 igitur⁴
755 2198 829 2240 cum
859 2180 996 2240 dixisset
1019 2178 1117 2238 lesus

357 2277 513 2338 Christus
534 2296 646 2339 amen:
676 2290 787 2356 raptus
810 2288 860 2339 est
889 2279 928 2339 de
951 2276 1116 2354 profundo

356 2375 427 2434 lacu
450 2393 563 2451 aquae,
585 2385 617 2436 et
638 2394 738 2452 super
755 2377 875 2437 aridam
892 2385 998 2436 terrae
1020 2375 1118 2434 resti-

355 2483 454 2534 tutus.
496 2473 586 2534 Tunc
609 2474 703 2534 valde
725 2474 937 2548 exhilaratus,
966 2481 997 2532 et
1018 2472 1116 2547 quasi

356 2570 396 2629 de
418 2571 534 2647 laqueo
558 2570 671 2631 mortis
694 2578 841 2646 ereptus:
865 2569 1116 2646 expergefactus

319 2680 406 2729 zoest
437 2680 469 2729 et
499 2670 537 2729 ad
569 2687 606 2729 se
637 2669 733 2745 plene
762 2686 926 2729 reversus,
975 2668 1117 2744 Erigens

356 2786 432 2845 ergo
461 2786 497 2828 se
527 2769 560 2828 in
589 2769 726 2844 lectulo,
755 2786 831 2845 prae
859 2767 976 2844 gaudio
1005 2767 1117 2842 coepit

357 2867 454 2927 flere:
490 2876 522 2927 et
556 2884 615 2943 pro
650 2868 824 2944 gratiarum
861 2868 987 2927 actione
1019 2865 1118 2926 flexis

354 2964 493 3040 genibus
530 2964 606 3039 legit
648 2974 769 3024 attente
811 2964 1005 3039 saepissime
1041 2964 1117 3025 Ave

357 3061 470 3122 Maria.
512 3062 645 3122 Addidit
667 3062 764 3123 etiam
788 3064 867 3123 haec
890 3064 998 3123 verba.
1041 3061 1116 3123 Ave

319 3178 347 3218 25
357 3161 461 3220 Maria
482 3161 587 3221 dulcis
609 3162 741 3222 domina
755 3171 866 3222 nostra
879 3161 980 3238 grati-a
1001 3162 1116 3236 plena:

357 3258 518 3318 Dominus
540 3271 647 3319 tecum
671 3259 914 3319 misericordiae
937 3267 1038 3334 porta.

676 3435 793 3483 ALIVI).

354 3497 508 3719 Quo
539 3552 655 3613 fratres
680 3554 846 3630 regulares
874 3553 963 3613 ibant
991 3554 1117 3628 pariter

355 3608 369 3693 i
486 3651 524 3710 ad
541 3660 649 3727 partes
663 3652 865 3727 superiores:
882 3669 939 3727 pro
950 3652 1003 3727 pia
1014 3668 1117 3713 causa

319 3748 506 3808 :ovisitandi
535 3759 687 3825 parentes
709 3758 741 3808 et
769 3748 893 3809 amicos
918 3748 952 3808 in
975 3749 1117 3812 Christo

714 3853 754 3896 :oa
