2692 4659
369 677 530 729 &omos
548 676 615 719 vim
631 677 795 720 crorurcrs
810 677 949 721 vrucrurs
967 680 1121 732 [purum
1145 695 1165 745 ἲ

369 819 444 869 ante
476 810 562 870 dicrn
594 811 703 871 obitus
734 811 805 886 sui,
840 813 1007 889 praecepit
1039 815 1122 889 virgo
1146 846 1165 887 g

370 908 476 967 eidem
502 926 603 983 puero
625 926 766 984 vespere
789 910 852 969 iam
876 910 977 971 lacto:
1008 923 1044 971 ut
1064 928 1122 970 am·
1147 941 1164 986 ῖς

369 1006 504 1081 phoram
533 1023 625 1065 suam
651 1007 742 1066 tenui
764 1018 841 1083 potu
865 1009 1023 1084 repletam
1046 1010 1122 1085 apud
1149 1028 1165 1083 m

370 1104 524 1163 lectulum
556 1121 652 1163 suum
685 1104 869 1165 collocaret.
913 1107 1014 1166 Nlane
1046 1107 1123 1167 lacto
1149 1141 1165 1181 ς(

346 1202 532 1261 sadvocans
563 1218 719 1277 puerum:
743 1189 846 1262 iussit
875 1214 910 1264 ut
938 1207 1122 1281 amphoram
1149 1222 1165 1278 ci

369 1299 498 1359 tolleret
519 1310 551 1359 et
572 1309 708 1375 potaret.
741 1300 827 1361 Cum
846 1318 923 1377 ergo
938 1304 1123 1379 amphoram
1150 1317 1165 1376 fe

369 1396 570 1472 accepissct3
606 1397 732 1457 invenit
767 1416 838 1458 earn
870 1416 956 1460 novo
989 1403 1123 1477 quodam
1151 1414 1165 1473 [ε

368 1496 486 1570 poculo
510 1494 570 1554 Dei
601 1496 686 1555 dono
716 1497 889 1571 repletam:
919 1498 1013 1574 quasi
1037 1498 1070 1558 in
1092 1514 1124 1556 ea
1151 1514 1165 1570 n

369 1603 458 1652 essct
486 1592 650 1652 confectio
681 1594 765 1653 lacta
793 1611 833 1653 cx
858 1594 998 1655 mixtura
1020 1596 1124 1654 cinna·
1151 1627 1163 1685 q

334 1705 359 1746 ro
369 1689 468 1749 momi
485 1699 516 1749 ct
532 1690 667 1749 aliarum
682 1690 867 1765 specierum
879 1691 1026 1752 suaviter
1038 1692 1124 1751 redo·
1153 1726 1165 1763 p

369 1786 504 1846 lentium
534 1805 571 1847 ac
600 1804 756 1864 saporose
784 1789 994 1863 gustantium.
1039 1789 1124 1849 Sicut
1153 1823 1163 1862 c

369 1896 475 1945 autem
492 1887 573 1945 haec
588 1886 680 1962 virgo
691 1886 872 1945 secundum
885 1886 1122 1946 multitudinem
1154 1903 1165 1959 ῃ

368 1984 612 2043 tribulationum
628 1984 748 2060 quibus
764 1984 883 2043 cotidie
897 1984 1122 2060 flagellabatur,
1154 2019 1165 2075 p

368 2082 488 2141 divinis
504 2082 600 2142 etiarn
614 2077 893 2141 consolationibus
904 2081 1122 2153 refovebatur3
1155 2116 1165 2172 g

335 2180 416 2239 rssic
443 2197 461 2239 c
488 2197 648 2239 converso
675 2178 861 2255 praedictus
890 2195 973 2253 puer
993 2189 1122 2254 accepto
1155 2211 1163 2255 t

368 2288 400 2337 et
430 2287 538 2353 potato
569 2287 726 2354 quantum
755 2277 884 2336 volebat
913 2277 953 2336 de
982 2277 1123 2352 praefato
1156 2311 1165 2351 5

368 2377 502 2450 poculo,
531 2376 647 2434 codem
677 2372 729 2433 die
760 2374 866 2449 coepit
895 2375 1067 2450 languere,
1096 2384 1124 2432 et
1156 2410 1165 2450 Ε

368 2473 558 2532 successive
590 2471 731 2531 diversis
762 2472 907 2531 febribus
937 2472 1123 2548 inquietari:
1157 2507 1165 2546 ς

369 2587 473 2646 usquc
495 2569 582 2628 circa
602 2570 721 2628 festum
738 2569 855 2628 natalis
871 2569 974 2629 sancti
992 2568 1121 2628 Martini

331 2667 513 2744 2oepiscopi
543 2667 691 2727 eiusdem
714 2666 790 2725 anni
813 2676 961 2741 ternpore
983 2665 1122 2726 hiemali.

368 2766 414 2825 Ex
437 2767 552 2825 eodem
575 2774 683 2823 autern
707 2763 824 2839 poculo
847 2763 1060 2839 miraculoso,
1081 2764 1123 2822 di·

367 2865 453 2924 versi
471 2864 622 2923 homines
638 2862 735 2922 etiam
751 2861 917 2937 potabant:
936 2874 1121 2922 nontamen
1143 2883 1146 2970 p

367 2962 492 3038 aliquas
521 2960 727 3019 infirmitates
750 2959 836 3018 sicut
857 2960 1024 3034 praefatus
1046 2976 1123 3036 puer

367 3058 585 3117 incurrebant.
629 3056 788 3117 Similiter
814 3065 846 3115 ct
868 3056 989 3117 diversi
1013 3058 1066 3117 alii
1090 3057 1121 3115 li·
1144 3055 1165 3156 {3

330 3171 487 3232 asquores
517 3156 549 3214 in
579 3155 715 3214 eandem
745 3155 935 3230 amphoram
965 3172 1024 3230 per
1046 3155 1122 3213 inte·
1144 3161 1165 3234 Ἰ

366 3269 455 3328 gram
481 3253 715 3312 hebdomadam
740 3252 850 3326 missi3
879 3268 1031 3328 saporem
1054 3269 1121 3311 sua·
1163 3301 1165 3320 ÷

367 3350 492 3411 vissimi
529 3351 636 3426 poculi
670 3350 857 3410 bibentibus
888 3351 1120 3426 praebuerunt:
1163 3390 1165 3426 3

366 3448 489 3524 absque
519 3448 668 3508 molestia
696 3458 804 3508 tamen
829 3448 969 3508 alicuius
991 3445 1119 3507 infirmi·
1162 3489 1165 3521 ἕ

366 3546 450 3605 tatis
483 3546 555 3605 Hoc
577 3564 654 3623 ergo
672 3548 826 3622 poculum
843 3546 930 3624 quod
947 3563 1048 3622 puero
1065 3544 1120 3604 luit
1164 3597 1165 3600 ,

330 3643 400 3702 aoin
430 3643 558 3719 signum
585 3644 719 3720 flagelli:
749 3645 822 3704 aliis
843 3643 1050 3720 gustantibus
1072 3659 1120 3701 ex·

367 3740 429 3799 titit
459 3741 491 3799 in
518 3742 675 3801 solacium
698 3742 774 3802 novi
798 3742 957 3801 miraculi.
1000 3741 1118 3802 Curato

726 3846 767 3887 432
