2692 4659
550 677 668 718 adnotatio
683 678 767 718 critica.

274 812 390 882 captus
419 808 593 868 formatum
622 818 690 884 est,
719 806 827 884 lepide
856 807 952 867 iocati
980 808 1035 884 elf,

274 889 294 947 i.
327 906 355 948 e.
388 889 554 959 undecim,
586 889 769 964 duxerunt,
804 888 844 947 de
876 905 940 965 quo
972 906 1034 947 usu

273 967 419 1029 Thomae
441 980 545 1029 aetate
569 970 632 1029 iam
649 970 780 1045 vulgato
796 979 1035 1029 commentatus

273 1067 347 1109 sum
378 1050 412 1108 in
438 1050 659 1121 „Rheinische
686 1050 1035 1124 Geschichtsblitter“‚

274 1131 395 1206 Verlag
415 1147 479 1189 von
501 1131 536 1190 P.
553 1131 715 1191 Hanstein
735 1131 768 1190 in
784 1132 880 1190 Bonn
899 1133 984 1205 1900,
1006 1131 1035 1190 V

271 1214 403 1285 33-42,
419 1211 473 1269 ubi
490 1211 587 1271 etiam
603 1212 738 1271 Hirsche
754 1212 782 1271 ΙΙ
796 1214 857 1271 250
872 1211 1034 1271 refutasse

274 1291 354 1350 mihi
377 1291 501 1351 videor.

313 1384 370 1455 36,
394 1398 419 1438 rs
435 1381 664 1455 pusillanimes
685 1381 730 1440 Α1
756 1381 819 1456 (Ν1
831 1380 860 1456 Ι)
878 1380 989 1442 ONor
1001 1381 1033 1452 S,

269 1461 499 1535 pusillamines
514 1462 563 1531 Pr,
585 1461 699 1532 Dicite,
718 1462 947 1537 pusillanimes
961 1478 1034 1521 con·

267 1542 461 1617 fortamini:
488 1542 566 1612 Asc,
595 1542 682 1618 quod
712 1542 837 1601 correxi
867 1560 907 1602 ex
931 1543 1033 1602 Isaiae

271 1625 322 1696 35,
344 1626 378 1681 4;
401 1622 505 1682 Dicite
519 1623 763 1696 pusillanimis:
786 1622 1033 1699 confortamini,

271 1707 305 1762 et
325 1702 426 1761 nolite
448 1703 565 1762 timere.

312 1793 369 1866 47,
390 1809 402 1848 a
424 1792 679 1851 dormitanomm
708 1792 753 1851 ΑΙ
770 1791 933 1863 OPrNor,
962 1794 1032 1852 dor·

273 1872 459 1931 micantium
473 1873 520 1945 (N
528 1878 541 1931 1
551 1870 580 1945 Ι)
595 1872 657 1932 Asc
672 1871 703 1932 S.
741 1872 808 1933 Etsi
831 1874 1033 1933 dormitanus

272 1952 306 2010 in
330 1952 444 2012 lexicis
466 1970 531 2012 non
555 1953 682 2028 legitur,
704 1970 762 2028 pro
782 1970 821 2012 eo
843 1954 1035 2013 dormitator

273 2032 312 2091 ab
345 2032 410 2092 illis
441 2044 473 2092 et
503 2034 610 2108 ipsum
642 2033 803 2109 alienum,
835 2050 1030 2111 quamquam

273 2113 420 2189 analogia
457 2114 650 2188 formatum,
693 2115 923 2174 commendare
965 2132 1031 2174 non

272 2211 389 2253 ausim.

312 2277 369 2349 66,
393 2275 606 2345 renamdl,
636 2284 749 2334 contra
777 2274 864 2334 idem
890 2292 914 2333 14
942 2284 1030 2335 recte

272 2370 375 2413 mnas.

312 2437 368 2509 75,
394 2454 402 2491 1
426 2440 467 2496 ab
495 2435 641 2494 Audistis
668 2452 790 2495 novum
820 2452 953 2495 versum
983 2435 1030 2495 in·

271 2514 460 2590 cipiendurn
484 2533 559 2575 esse
581 2525 671 2576 ratus
694 2533 785 2590 sum,
808 2526 876 2576 turn
900 2516 976 2592 quia
997 2517 1030 2576 in

271 2595 318 2654 ΑΙ
344 2613 443 2671 supra
464 2607 620 2671 punctum
646 2597 848 2672 praecedens
877 2598 1031 2672 parvulae

271 2675 432 2752 reliquiae
447 2687 524 2736 sunt
538 2677 649 2753 puncti
666 2677 766 2751 rubri,
789 2677 876 2753 quod
893 2678 1031 2737 fortasse

271 2756 312 2816 de
335 2774 448 2816 rasura
463 2767 625 2833 superest,
646 2768 716 2818 tum
736 2757 812 2833 quia
834 2756 910 2817 inde
925 2775 1031 2817 novus

270 2837 510 2897 sententiarum
533 2840 612 2898 ordo
635 2838 812 2898 exorditur.

310 2928 369 3001 75,
399 2943 426 2983 as
454 2927 494 2986 de
525 2928 685 3002 desperati
715 2926 875 3001 participii
907 2926 939 2985 vi
973 2926 1007 2985 cf
1024 2972 1031 2986 .

269 3006 361 3066 Neue
384 3007 439 3081 ΙΙΙ,
464 3010 529 3067 120.

310 3089 361 3162 79,
381 3104 409 3145 22
426 3088 644 3163 priuatltll1,
669 3088 817 3162 priuatit⁸
844 3085 945 3157 Nlo,
967 3087 1032 3162 pri·

270 3168 350 3226 uati.
373 3168 432 3237 Pr;
459 3168 493 3228 in
515 3168 565 3228 Ᾱ1
591 3169 627 3230 11
656 3169 708 3227 vel
731 3166 905 3228 deficiente
927 3167 1031 3243 spatio

270 3248 464 3309 exciderunt
475 3248 683 3324 velmargine
694 3248 843 3324 praeciso
854 3248 1031 3324 perierunt.

309 3340 360 3412 87,
384 3338 494 3396 rsoris
521 3337 567 3396 ᾹΙ
586 3339 655 3407 Ν1,
686 3337 779 3397 deest
808 3337 841 3396 in
870 3335 1035 3397 OPrNor

269 3416 331 3477 Asc
353 3416 397 3488 S;
419 3418 477 3478 cir.
500 3435 599 3493 supra
620 3436 650 3493 p.
671 3420 741 3478 465.

314 3509 380 3581 101,
401 3524 429 3564 22
446 3508 590 3582 rubigine
604 3525 622 3566 a
637 3506 746 3566 radice
765 3506 878 3576 rub-er,
902 3504 1031 3565 Graece

272 3586 424 3664 aput-ple
446 3588 596 3662 ductum,
627 3587 688 3647 etsi
712 3586 834 3662 optima
858 3595 962 3646 aetate
985 3602 1031 3645 ro·

272 3666 342 3742 bigo
365 3668 568 3728 scribebatur
588 3667 736 3743 (Corssen
754 3667 781 3726 ΙΙ
804 3668 882 3742 135),
906 3676 1031 3726 mutare

272 3748 371 3808 nolui.

630 3852 671 3892 495
