2692 4659
235 643 557 699 mmm
575 640 658 684 xxllll
674 637 996 694 ffiffifflwfflw

236 785 390 851 suscepta
412 775 557 835 dulcorat
579 783 611 834 et
633 773 800 850 laetilicat3
823 783 854 833 et
876 782 996 850 quanto

236 873 384 934 crebrius
416 872 490 948 quis
526 872 684 931 malorum
717 871 835 932 ictibus
865 870 996 930 teritur:

236 981 325 1032 tanto
358 969 539 1047 potioribus
570 968 665 1030 donis
701 969 811 1044 augeri
843 978 996 1028 meretur.

238 1069 351 1130 Doluit
379 1084 521 1144 namque
543 1069 757 1127 vehementer
785 1066 876 1142 virgo
905 1067 997 1125 beata

236 1184 294 1242 pro
327 1165 439 1225 mundi
472 1165 638 1226 erroribus
670 1173 702 1224 et
733 1180 790 1241 pro
821 1165 1020 1224 multorums

237 1262 388 1324 malitiis:
417 1281 588 1340 compassa
617 1262 678 1323 fuit
699 1279 777 1322 vere
806 1262 997 1338 paenitenti-

237 1363 299 1421 bus
337 1370 370 1422 et
405 1362 529 1422 duriter
565 1360 739 1437 temptatis.
792 1361 904 1421 Doluit
939 1377 997 1437 pro

238 1475 356 1535 magna
390 1458 621 1536 ingratitudine
656 1458 844 1533 hominum,
879 1458 997 1534 quibus

239 1558 333 1617 Deus
357 1556 452 1617 Pater
481 1556 570 1616 misit
592 1556 695 1615 lilium
725 1573 821 1615 suurn
851 1555 998 1633 unigeni·

238 1665 307 1715 turn
331 1672 371 1714 ex
393 1654 525 1715 caritate
546 1654 766 1713 incarnatum:
796 1663 830 1713 ut
854 1654 998 1713 redirent
1009 1672 1034 1713 ro

238 1754 278 1813 ad
302 1752 486 1828 paradisum
510 1769 568 1829 per
590 1752 693 1812 Adam
723 1751 800 1812 olim
830 1751 998 1811 amissum.

240 1850 354 1911 Doluit
376 1850 415 1910 de
438 1849 620 1925 perditione
649 1866 822 1925 pravorum
846 1848 900 1924 qui
924 1865 998 1907 con·

241 1949 429 2009 temnebant
457 1946 570 2006 audire
594 1946 654 2006 Dei
677 1946 831 2021 verbum3
860 1945 914 2022 qui
944 1963 998 2022 po·

239 2044 307 2105 tius
338 2044 514 2120 diligebant
545 2046 704 2105 mundum
736 2062 832 2121 quam
855 2045 999 2104 caelum:

240 2150 272 2201 et
309 2140 439 2201 divitias
475 2141 578 2218 magis
613 2141 813 2218 quaerebant
856 2141 999 2216 fallaces,
1011 2160 1035 2201 15

239 2256 337 2315 quam
369 2238 506 2299 virtutes
537 2256 642 2299 veras.
694 2238 806 2299 Doluit
837 2239 877 2298 de
908 2239 1000 2299 inno-

240 2336 384 2396 centium
416 2336 631 2413 oppressione
662 2346 694 2396 et
726 2336 880 2396 violentia
910 2336 1000 2395 mali-

238 2449 396 2509 gnorum3
419 2434 458 2493 de
477 2445 664 2511 contemptu
681 2452 860 2512 pauperum
883 2445 915 2495 et
937 2435 1000 2494 ela-

239 2530 330 2591 tione
353 2533 587 2608 superborum:
610 2534 650 2593 de
672 2533 877 2610 neglegentia
898 2532 999 2592 divini

240 2629 367 2704 cultus,
397 2639 429 2690 et
457 2630 498 2689 de
517 2630 781 2706 ‚transgressione
810 2629 999 2690 caelestium
1010 2647 1037 2688 zo

241 2727 478 2788 mandatorum.
522 2729 560 2789 Et
584 2729 659 2806 quia
688 2729 830 2789 mundus
859 2737 945 2788 totus
967 2728 1000 2787 in

241 2824 442 2901 malignitate
464 2825 592 2902 positus
614 2837 699 2902 erat3
725 2836 757 2886 et
778 2826 871 2902 pauci
895 2826 933 2885 ad
955 2826 1001 2885 vi-

240 2922 385 2983 dendum
418 2923 530 2982 lumen
562 2933 732 2983 aeternum
765 2923 851 2999 quod
880 2923 1001 2982 mundo

240 3020 393 3080 illuxerat
415 3037 451 3080 se
473 3020 705 3096 disponebant:
733 3037 881 3080 summae
903 3021 1001 3095 pieto-

239 3117 283 3175 tis
307 3125 410 3175 mater
439 3116 704 3193 compassionum
732 3116 875 3176 stimulis
902 3118 1001 3177 abun·
1011 3136 1038 3177 25

240 3214 347 3273 dabat.
391 3214 426 3272 ln
458 3214 510 3274 his
542 3214 780 3290 patientissime
813 3231 849 3273 se
880 3215 1002 3288 habuit,

240 3312 368 3371 ducens
391 3312 489 3372 vitam
512 3312 666 3390 martyrio
690 3313 837 3388 plenam:
861 3312 1002 3373 fundens

240 3408 434 3469 lacrimosas
465 3427 580 3485 preces
612 3426 686 3468 cum
719 3409 915 3484 singultibus
944 3426 1002 3486 pro

240 3510 350 3568 salute
371 3508 563 3569 animarum.
606 3508 704 3585 Quod
727 3509 754 3567 si
783 3508 879 3568 latius
901 3517 1002 3567 atten-

241 3607 322 3666 dere
338 3604 422 3665 velis
437 3621 520 3680 quae
536 3615 568 3665 et
590 3614 710 3681 quanta
725 3605 757 3664 in
774 3604 1039 3679 persecutioneao

240 3714 341 3779 atque
364 3702 517 3778 passione
539 3702 648 3762 dilecti
673 3701 730 3760 lilii
758 3702 808 3760 sui
832 3701 1003 3776 sustinuit3

272 3808 424 3851 Thomaeali.
433 3807 517 3860 Opera.
529 3807 565 3849 Vl.
606 3807 647 3847 225
872 3807 896 3847 15
