2692 4659
262 680 588 733 &mm
616 682 679 723 1122
705 682 1026 735 ffifflcfflw

263 812 297 873 in
320 814 430 873 hostia
451 813 513 874 sibi
535 824 746 890 apparentem
764 815 906 875 videret:
929 834 1024 893 quam

264 912 362 971 etiam
393 912 523 988 quidam
553 912 606 971 alii
636 912 741 971 oculis
770 914 840 973 suis
865 914 1025 974 viderunt.

267 1009 396 1070 Deinde
418 1009 509 1085 petiit
531 1019 566 1069 ut
588 1011 671 1069 hanc
695 1011 835 1070 hostiam
858 1011 919 1071 sibi
940 1029 1026 1071 com·

265 1107 495 1168 municandam
526 1107 662 1168 tribuat:
697 1127 733 1168 ac
765 1109 860 1169 dictis
891 1109 963 1169 eius
995 1119 1027 1170 et

265 1205 422 1281 operibus
444 1205 564 1264 divinis
582 1222 647 1265 non
664 1205 798 1266 diffidat.
831 1207 893 1266 His
908 1208 1049 1267 auditis⁵

264 1302 341 1363 licet
371 1302 490 1362 dubius
518 1303 648 1363 tradidit
677 1304 706 1363 ei
737 1304 876 1364 hostiam
906 1306 1026 1365 visam:

262 1418 362 1478 quam
386 1401 477 1477 virgo
500 1401 561 1460 sibi
585 1402 652 1462 dari
677 1402 768 1478 petiit
791 1413 822 1463 et
838 1412 1028 1463 reverenter

261 1498 402 1574 accepit.
434 1498 512 1557 Post
530 1497 629 1556 huius
644 1498 772 1558 hostiae
789 1499 958 1559 mirificam
974 1518 1027 1575 ap-

259 1596 460 1673 paritionem
477 1606 509 1656 et
522 1597 670 1656 devotam
684 1597 927 1673 susceptionem
939 1608 1026 1657 tanto

259 1694 379 1755 divino
402 1710 512 1753 amore
535 1703 567 1753 et
589 1711 701 1753 sacrae
717 1694 958 1754 communionis
974 1695 1063 1754 dero

257 1791 389 1852 siderio
419 1809 475 1852 cor
498 1791 635 1867 virginis
657 1793 911 1852 accendebatur:
941 1791 1027 1868 quod

257 1890 416 1967 pluribus
446 1888 541 1947 annis
570 1906 629 1965 per
657 1906 788 1949 omnem
819 1890 1027 1966 quindenam,

257 1987 456 2048 venerabile
477 1985 695 2046 eucharistiae
714 1997 965 2061 sacramentum,
987 1986 1026 2045 de

258 2102 366 2145 manu
398 2084 577 2143 sacerdotis
606 2085 771 2159 sumebat3
803 2102 900 2160 quem
929 2084 1026 2143 etiam

259 2183 370 2242 multa
398 2181 602 2257 providentia
630 2191 662 2241 et
691 2181 867 2241 subtilitate
897 2183 935 2241 ad
964 2182 1063 2240 hocrs

257 2281 309 2341 uti
334 2279 519 2354 oportebat:
547 2278 623 2356 quia
644 2278 725 2338 alias
747 2278 827 2338 illud
849 2278 1027 2353 insumere,

257 2394 341 2455 prae
358 2377 524 2436 debilitate
540 2395 605 2436 non
618 2377 789 2453 potuisset.
820 2378 938 2437 Postea
948 2393 1027 2435 vero

257 2491 379 2552 parum
402 2491 505 2550 aquae
525 2491 584 2549 pro
600 2474 766 2534 ablutione
782 2474 811 2534 ei
828 2474 1027 2550 porrigebat3

259 2574 304 2633 ob
321 2571 417 2630 cuius
433 2571 654 2631 modicitatem
670 2581 790 2631 tantam
803 2571 1026 2631 difficultatem

261 2669 447 2746 patiebatur
475 2669 508 2728 in
537 2679 685 2745 gutture:
715 2671 801 2745 quod
828 2669 882 2728 vix
903 2678 1064 2744 poteratzo

261 2784 335 2828 eam
359 2766 529 2842 deglutire.
563 2767 731 2826 Interdum
750 2777 858 2826 tamen
874 2783 939 2825 non
956 2783 1027 2841 por-

263 2865 388 2941 rigebat
415 2863 555 2940 aliquam
579 2864 798 2924 ablutionem:
827 2874 959 2939 propter
980 2864 1028 2922 ni-

264 2962 364 3022 miam
387 2960 573 3020 insumendi
596 2961 799 3036 gravitatem.
838 2962 875 3020 Et
890 2960 942 3020 hic
959 2961 1028 3037 qui-

264 3060 339 3118 dem
370 3068 473 3118 status
498 3059 745 3118 communionis
767 3059 840 3118 eius
862 3076 967 3135 usque
989 3060 1027 3119 ad

265 3173 389 3215 annum
414 3155 547 3215 Domini
574 3155 716 3215 ·M·cccc·
742 3156 935 3216 vicesimum
965 3156 1065 3232 pri-25

266 3270 366 3313 mum.
407 3252 536 3314 Abhinc
559 3265 668 3314 autem
699 3255 866 3330 usquead
890 3264 1027 3314 mortem

266 3366 359 3409 suam
378 3351 597 3411 communiter
612 3352 795 3427 patiebatur
811 3352 919 3411 febres
935 3370 1028 3428 quar·

266 3457 369 3524 tanaS,
391 3459 424 3508 et
445 3448 608 3509 interdum
629 3449 824 3508 cotidianas:
847 3467 905 3525 pro
921 3450 1028 3509 suble·

267 3546 398 3605 vatione
429 3545 629 3621 animarum,
660 3565 678 3606 a
709 3548 904 3623 purgatorio.
952 3546 1027 3622 Quo

269 3651 414 3719 tempore
450 3653 538 3703 tanto
575 3645 686 3705 divino
718 3664 828 3705 amore
860 3646 1065 3721 flagrabat;so

271 3741 354 3814 quod
377 3742 596 3802 communiter
617 3723 747 3819 quando
769 3752 916 3819 tempore
934 3760 1027 3819 quar·

629 3846 671 3887 429
