2692 4659
267 698 594 751 wordum
623 698 864 749 naum-w
989 698 1029 749 <a

268 834 335 892 lam
352 849 426 892 curn
442 842 575 908 peccato
591 832 730 909 quodam
744 832 782 890 ab
794 849 832 891 ea
842 829 1030 905 commisso,

270 929 366 1007 quasi
396 931 536 989 necdum
554 928 722 1007 ‚divinitus
745 928 880 988 dimisso
902 944 963 987 nec
986 926 1031 986 di·

272 1028 449 1088 mittendo:
480 1045 554 1087 cum
582 1037 691 1086 tamen
720 1026 791 1101 ipsa
819 1026 898 1085 illud
926 1042 1031 1084 sacra·

272 1124 460 1185 mentaliter
474 1123 606 1200 saepius
616 1124 779 1199 confessa,
794 1123 1031 1183 absolutionem

273 1223 494 1298 suscepisset,
529 1232 561 1282 et
592 1222 822 1298 paenitentiam
855 1220 1055 1280 iniunctams

274 1322 407 1398 egisset.
451 1320 537 1382 Cum
565 1337 641 1397 ergo
664 1321 772 1380 cordis
794 1319 845 1380 sui
867 1318 1033 1395 angustias

275 1418 353 1477 huic
375 1415 492 1492 virgini
522 1417 670 1476 crebrius
699 1426 894 1492 exponeret3
922 1426 954 1476 et
979 1416 1034 1476 illa

275 1514 427 1591 benignis
463 1514 741 1574 consolationibus
777 1515 952 1574 desolatam
985 1532 1034 1573 re-

276 1614 413 1687 foveret,
435 1630 496 1672 nec
518 1621 626 1672 tamen
649 1622 805 1689 quantum
828 1613 927 1672 vellet
948 1612 1034 1672 circa

276 1728 347 1771 eam
371 1710 560 1786 proliceret:
583 1727 622 1769 eo
644 1711 731 1787 quod
751 1710 904 1786 princeps
920 1711 1034 1770 mortis
1046 1730 1070 1769 ro

276 1807 373 1867 novis
408 1824 540 1882 semper
569 1806 750 1866 terroribus
781 1824 839 1882 per
869 1808 1033 1868 somnium

277 1923 349 1965 earn
371 1904 457 1964 sicut
477 1904 568 1979 prius
588 1905 805 1980 conturbaret,
827 1905 957 1981 dicens3
979 1923 1034 1965 ne·

277 2020 440 2081 quaquam
470 2019 587 2062 manus
615 2020 706 2063 meas
735 2004 874 2063 evadere
896 2004 1034 2079 poteris:

278 2103 354 2179 quia
376 2101 493 2161 litteris
514 2101 587 2161 istis
609 2110 640 2160 te
663 2101 742 2161 mihi
765 2102 987 2162 confirmatam
1004 2112 1035 2161 et

278 2201 481 2276 subiugatam
497 2200 611 2258 habeo.
644 2198 790 2275 Contigit
805 2216 882 2275 ergo
897 2200 1034 2277 quadam
1047 2218 1072 2258 15

279 2299 351 2359 vice
374 2307 409 2357 ut
435 2297 525 2373 virgo
552 2296 753 2357 orationibus
776 2297 882 2357 dedita
904 2298 942 2357 ad
965 2315 1036 2358 cae·

279 2395 374 2455 lestia
402 2402 491 2469 rapta
519 2395 660 2454 eundem
683 2393 809 2454 videret
833 2395 1037 2470 daemonem,

279 2494 424 2552 chartam
449 2491 552 2567 ipsam
576 2492 608 2551 in
631 2509 729 2551 manu
751 2503 949 2568 gestantem:
979 2494 1037 2553 sed

279 2607 376 2650 manu
408 2589 522 2649 beatae
551 2590 676 2649 Mariae
705 2590 842 2666 virginis
871 2592 910 2651 de
939 2609 1037 2651 manu

281 2688 354 2748 eius
383 2687 546 2747 violenter
574 2698 624 2747 est
653 2688 757 2747 ablata
779 2699 810 2748 et
832 2698 933 2764 rupta.
978 2690 1073 2748 Po-zo

280 2796 353 2846 tens
369 2786 458 2845 enim
481 2796 550 2845 erat
566 2786 755 2846 misericors
778 2787 908 2847 domina
929 2786 1038 2845 omnia

281 2883 543 2944 machinamenta
564 2883 683 2943 diaboli
706 2884 903 2944 dissolvere:
930 2894 962 2943 et
983 2883 1037 2943 tri-

281 2992 363 3042 stem
394 2980 534 3040 animam
566 2980 684 3041 fiducia
705 2981 808 3041 bonae
831 2982 900 3058 spei
923 2998 1038 3041 conso·

281 3080 348 3139 lari.
401 3079 491 3138 Haec
524 3080 732 3154 postmodum
764 3080 854 3156 virgo
885 3078 1039 3139 sensibus

282 3176 449 3253 corporeis
461 3177 609 3236 restituta
620 3178 752 3237 domino
762 3178 897 3237 Iohanni
906 3177 1038 3237 Walteri
1048 3196 1075 3235 25

282 3274 464 3335 confessori
492 3292 552 3334 suo
575 3275 714 3335 rettulit:
744 3275 897 3335 malitiam
921 3273 1038 3334 diaboli

282 3392 338 3449 per
367 3372 521 3448 pietatem
548 3374 661 3433 beatae
683 3372 820 3449 virginis
842 3373 1038 3432 destructam

282 3470 469 3531 ostendens.
514 3471 592 3529 Post
621 3471 702 3529 haec
732 3469 853 3529 iemina
877 3469 1041 3545 praedicta

282 3570 367 3630 sicut
389 3568 480 3645 prius
496 3567 708 3627 desolationis
723 3585 802 3627 suae
818 3566 1039 3643 querimonias

284 3684 391 3726 coram
409 3666 536 3742 virgine
552 3666 719 3742 deposuit3
741 3684 837 3742 quam
854 3666 908 3725 illa
922 3666 1076 3726 blandem

282 3765 471 3839 consolans,
492 3763 588 3823 tacita
610 3773 717 3823 tamen
741 3764 871 3823 chartae
894 3763 1039 3822 destruc-

639 3869 680 3909 423
