2692 4659
370 696 532 749 mm
550 696 618 740 VITA
635 696 800 740 LIDEWIGIS
815 696 953 740 VIRGINIS
970 699 1127 753 {EQ

372 830 429 890 DE
447 830 667 893 INCENDIO
686 830 868 893 LECTVLI
888 831 986 893 EIVS
1004 833 1126 910 QVOD

372 927 469 989 IPSA
480 927 572 990 VNA
582 928 713 990 MANV
724 929 900 1007 ABSQVE
911 928 1126 992 LnEsloltfi

642 1025 859 1087 EXTINXIT.

597 1158 804 1207 CAPITVLVM
822 1158 902 1208 XVII.

347 1214 613 1446 SQMM
643 1277 715 1337 vice
745 1278 844 1338 frater
866 1276 965 1337 huius
993 1277 1124 1356 virginis

284 1408 286 1410 -
510 1375 564 1451 qui
577 1384 650 1451 post
664 1385 788 1451 patrem
800 1375 873 1435 eius
883 1376 1013 1452 vigilias
1023 1378 1124 1438 noctis

370 1471 466 1531 etiam
482 1472 690 1532 observabat:
710 1473 878 1532 candelam
894 1474 1064 1535 ardentem
1080 1492 1124 1535 se-

369 1586 428 1629 cus
450 1579 545 1646 caput
567 1570 677 1631 lectuli
702 1570 773 1631 eius
795 1570 828 1629 in
851 1569 955 1630 altiori
977 1571 1051 1631 loco
1076 1590 1124 1632 an·

369 1667 434 1743 guli
458 1667 567 1743 posuit
590 1678 621 1728 et
638 1668 725 1727 foras
740 1667 827 1728 abiit.
862 1667 956 1744 Quae
972 1670 1124 1731 decidens

336 1790 360 1829 10
370 1764 403 1824 in
421 1765 587 1840 stramina,
609 1783 758 1842 magnam
775 1776 897 1842 partem
914 1766 1025 1827 lectuli
1043 1784 1124 1827 com·

369 1862 490 1922 bussit:
519 1862 590 1939 ipsa
619 1880 698 1922 vero
722 1873 835 1939 operta
857 1862 939 1922 facie
962 1863 1124 1924 devotioni

370 1960 484 2021 solitae
513 1961 655 2020 vacabat.
698 1958 841 2021 Tandem
864 1961 902 2020 ad
926 1977 962 2020 se
985 1978 1125 2034 reversa,

370 2058 490 2134 apertis
506 2057 610 2117 oculis
625 2056 743 2117 videns
758 2075 794 2118 se
810 2058 843 2117 in
859 2058 968 2118 medio
984 2059 1124 2120 incendii

370 2155 525 2231 positam,
554 2166 586 2215 et
614 2155 781 2216 nemmem
808 2156 924 2215 adesse
946 2156 1002 2233 qui
1026 2157 1125 2218 extin-

336 2264 502 2339 15gueret3·
521 2252 653 2313 sinistra
671 2270 768 2312 manu
785 2270 915 2313 omnem
931 2254 1041 2331 ignem
1058 2257 1126 2315 abs·

369 2368 433 2427 que
449 2350 593 2410 laesione
610 2368 726 2410 manus
743 2351 813 2410 Deo
829 2350 960 2411 iuvante
977 2351 1126 2412 extinxit:

370 2448 563 2507 mirantibus
586 2447 714 2507 cunctis
736 2448 791 2524 qui
814 2464 909 2507 mane
932 2448 1074 2525 ingressi
1090 2450 1126 2510 ad

370 2563 452 2621 eam,
461 2545 613 2606 videbant
623 2562 707 2621 quae
719 2546 802 2606 facta
814 2546 942 2605 fuerant
953 2545 986 2604 in
998 2548 1126 2607 ustione

370 2643 479 2704 lectuli
489 2642 615 2719 virgine
626 2643 738 2702 illaesa
749 2653 911 2703 manente.
933 2642 1008 2703 Non
1020 2654 1126 2705 tamen

333 2767 360 2808 20
371 2741 441 2818 ipsa
462 2752 539 2801 tunc
558 2741 715 2816 temporis
731 2741 814 2801 lecto
831 2742 981 2801 utebatur
996 2743 1056 2802 sed
1073 2742 1126 2801 filii

372 2839 479 2898 fratris
499 2838 549 2898 sui
566 2838 724 2914 obsequio
741 2838 812 2898 eius
828 2837 944 2898 dediti:
968 2856 1043 2898 nam
1061 2840 1127 2916 ipsa
1162 2869 1164 2894 t

370 2937 402 2995 in
428 2936 639 2998 straminibus
661 2953 757 3012 aegra
779 2936 912 2997 iacebat.
1161 2897 1164 3056 I

371 3124 427 3183 DE
452 3122 691 3184 CINERIBVS
718 3122 761 3182 IN
789 3120 949 3183 CAPITE
976 3122 1124 3185 IEIVNII
1161 3059 1164 3190 I

403 3220 461 3281 ΑΒ
485 3220 668 3282 ANGELO
693 3221 776 3280 SIBI
801 3219 1095 3282 IIIINISTRATIS.

333 3365 361 3407 25
589 3352 796 3401 CAPITVLVM
813 3352 907 3401 XVIII.

369 3411 595 3631 &olebat
611 3471 703 3547 virgo
719 3470 932 3532 devotissima
942 3489 1036 3532 more
1052 3473 1123 3532 alio·

502 3587 574 3628 rum
606 3568 869 3629 christifidelium
903 3570 986 3631 feria
1015 3580 1121 3648 quarta

370 3666 403 3724 in
419 3666 523 3743 capite
539 3667 652 3726 Ieiunii
669 3667 860 3728 benedictos
871 3668 1002 3730 cineres
1013 3666 1120 3730 humili
1162 3701 1164 3710 =

369 3765 555 3824 reverentia
577 3765 617 3824 de
641 3782 738 3824 manu
762 3766 966 3826 confessoris
988 3768 1038 3827 sui
1060 3782 1120 3826 sus·
1159 3715 1164 3774 4

725 3870 766 3911 354
