2692 4659
230 708 558 761 mmmm
605 708 624 750 11
670 708 992 762 ww

234 851 345 901 autem
382 841 500 902 bonam
533 842 818 919 congregationem
853 842 991 903 deserit:

235 939 330 1015 quasi
353 949 445 999 extra
465 949 595 1016 portum
617 940 802 1001 stabilitatis
824 950 855 1000 et
877 940 991 1000 salutis

233 1038 422 1113 divertam,
449 1036 586 1097 marinis
608 1038 762 1114 procellis
791 1055 827 1097 se
850 1037 991 1113 exponit.

234 1135 302 1212 Qui
336 1135 424 1195 enim
456 1135 496 1194 de
528 1134 635 1194 medio
664 1134 925 1211 congregationis
954 1151 991 1195 se

233 1242 382 1310 separat:
411 1233 572 1294 incertum
601 1243 652 1293 est
673 1233 728 1294 ubi
751 1233 856 1293 adhuc
880 1248 1013 1309 perse-s

234 1331 372 1391 verabit.
415 1330 504 1391 Finis
526 1330 590 1391 cito
606 1330 798 1390 declarabit:
821 1340 929 1390 utrum
952 1348 991 1390 ex

237 1429 308 1489 Deo
340 1446 382 1489 an
412 1445 453 1488 ex
482 1427 635 1505 passione
664 1427 812 1487 recessit.
855 1428 992 1488 illaneas

236 1544 314 1603 ergo
337 1526 372 1585 in
386 1526 495 1586 medio
511 1534 644 1587 sanctae
659 1525 938 1602 congregationis:
961 1535 993 1586 et

238 1624 382 1685 manebit
403 1634 512 1684 tecum
529 1622 702 1683 Dominus.
733 1624 806 1699 lpse
829 1624 917 1684 enim
939 1624 992 1685 ait.

239 1723 303 1800 Ego
327 1723 361 1782 in
383 1722 491 1782 medio
520 1731 683 1782 vestrum:
715 1722 800 1782 sicut
821 1722 876 1799 qui
899 1721 1029 1785 mini-ro

239 1829 326 1881 strat.
359 1820 398 1880 Et
420 1821 458 1880 ad
481 1820 660 1897 discipulos
683 1820 797 1897 inquit.
828 1821 896 1881 Vos
912 1820 993 1883 estis

239 1918 292 1995 qui
316 1918 545 1995 permansistis
568 1934 697 1978 mecum
720 1917 753 1978 in
777 1918 993 1995 temptationi-

239 2017 298 2076 bus
319 2016 415 2076 meis.
459 2015 492 2076 Si
515 2016 622 2076 bonus
644 2032 698 2076 es:
730 2032 826 2076 mane
854 2025 886 2075 et
908 2016 993 2076 aedi·

240 2113 299 2173 lica
326 2113 420 2173 alios.
463 2112 497 2173 Si
527 2123 679 2189 peccator
708 2131 744 2173 es
773 2124 805 2174 et
827 2113 993 2173 infirmus:

240 2228 332 2271 mane
355 2221 390 2271 ut
408 2209 591 2271 aedificeris
606 2211 645 2271 ab
660 2210 742 2271 aliis.
774 2210 993 2288 Quocumque
1004 2234 1029 2274 ιε

239 2318 344 2368 autem
361 2307 557 2385 perrexeris,
579 2307 661 2368 scito
677 2308 829 2385 quoniam
846 2309 993 2368 diabolus

241 2404 294 2464 tibi
310 2404 554 2465 adversabitur:
577 2415 609 2465 et
630 2416 788 2482 sequetur
802 2417 834 2467 te
854 2416 909 2467 tua
923 2424 993 2483 pas-

242 2502 304 2578 sio,
336 2503 435 2563 etiam
466 2503 494 2563 si
526 2503 617 2563 solus
650 2504 752 2564 fueris
783 2515 815 2565 et
837 2505 994 2564 inclusus.

209 2581 211 2644 l
243 2598 344 2677 Saepe
367 2617 511 2677 namque
540 2618 580 2660 ex
602 2601 712 2661 verbis
735 2602 862 2662 levibus
887 2612 918 2662 et
940 2603 994 2661 ha·

242 2697 306 2758 bitu
329 2698 463 2758 curioso
486 2698 646 2759 exterius:
669 2700 876 2776 cognoscitur
891 2710 1029 2768 statusae

243 2796 361 2856 mentis
384 2797 462 2873 quid
484 2797 635 2857 vanitatis
657 2798 781 2874 geritur
802 2798 900 2857 intus.

340 3034 533 3083 EXEMPLVM
553 3035 707 3085 DVORVM
727 3035 901 3084 FRATRVM.

237 3124 504 3356 fflfflerunt
526 3189 699 3265 aliquando
729 3189 792 3249 duo
816 3189 932 3249 iratres
954 3189 993 3248 ad

377 3285 510 3345 domum
533 3286 702 3346 cuiusdam
729 3286 849 3346 nobilis
871 3286 931 3346 viri
962 3296 994 3346 et

192 3413 194 3476 7
235 3383 362 3445 terreni
385 3383 559 3459 principis:
589 3401 647 3460 pro
669 3383 778 3461 aliqua
807 3401 905 3444 causa
926 3401 1030 3452 mo·25

192 3497 193 3518 ¹
235 3480 386 3541 nasticae
408 3480 566 3541 utilitatis.
610 3481 745 3542 intuens
768 3499 844 3559 ergo
868 3499 925 3542 eos
948 3482 993 3542 di·

235 3579 380 3654 ligenter
401 3578 554 3656 princeps
576 3581 753 3640 honestus:
775 3580 995 3641 consideravit

237 3676 387 3736 habitum
411 3686 443 3737 et
466 3694 574 3738 mores
597 3687 811 3755 utrorumque
836 3678 994 3738 extrinse-

192 3781 193 3788 ’
237 3792 309 3834 cus.
353 3773 422 3833 illis
450 3784 558 3834 autem
588 3775 816 3835 recedentibus
845 3775 924 3836 dixit
945 3776 996 3835 vir

268 3878 566 3932 ThomaeaK.0pera.Vl.
608 3879 632 3921 17
875 3881 888 3920 2
