2692 4659
370 702 531 756 amm
550 701 617 745 vnn
634 700 798 745 iroawtors
814 701 953 745 VIRGINIS
970 701 1130 754 mres&

370 853 467 897 cessu
488 835 647 912 temporis
668 836 832 912 aspirante
861 852 1005 911 superna
1028 836 1128 913 gratia

369 934 553 1009 generavit:
582 933 669 1009 quod
698 933 843 1009 perfecte
871 950 908 993 se
936 933 1127 1011 abnegando

370 1031 472 1091 libere
495 1032 630 1092 dicebat.
661 1031 749 1108 Quia
771 1031 798 1091 si
821 1040 933 1106 posset
949 1049 1009 1108 per
1031 1050 1127 1092 unam

370 1129 597 1190 salutationem
620 1130 811 1205 angelicam,
832 1129 962 1205 plenam
981 1131 1129 1207 corporis

346 1227 508 1287 ssalutem
517 1243 726 1304 recuperare:
738 1237 921 1287 nontamen
932 1228 995 1288 hoc
1006 1229 1127 1288 faceret

369 1343 430 1385 nec
452 1336 587 1402 optaret.
616 1326 703 1387 Vere
719 1327 799 1386 haec
823 1326 883 1387 luit
901 1326 1038 1387 mutatio
1055 1327 1127 1386 dex·

368 1432 457 1482 terae
489 1424 631 1499 excelsi3
662 1424 717 1500 qui
750 1441 881 1484 manum
914 1442 1008 1485 suarn
1041 1423 1129 1484 misit
1164 1487 1165 1500 χ

368 1520 473 1597 inopi:
503 1531 535 1581 et
557 1522 611 1581 diu
635 1522 843 1598 languentem
866 1523 1057 1583 consolatus
1078 1531 1127 1582 est

368 1636 427 1695 per
448 1630 562 1680 noctes
585 1620 617 1680 in
641 1621 760 1681 lectulo
783 1621 905 1681 doloris
927 1621 989 1681 sui.
1020 1620 1125 1697 Siqui-

333 1716 440 1776 rodem
470 1728 604 1778 attracta
631 1729 663 1779 et
692 1720 807 1779 allecta
831 1718 1027 1779 Dominicae
1055 1735 1125 1794 pas-

367 1814 470 1875 sionis
493 1815 652 1876 suavitate
675 1818 817 1878 occulta:
846 1817 1017 1878 historiam
1041 1816 1125 1876 eius·

367 1914 440 1973 dem
470 1914 710 1975 sacratissimae
740 1915 904 1992 passionis
932 1914 966 1973 in
997 1924 1125 1990 septem

366 2021 485 2086 partes,
500 2013 682 2072 secundum
698 2030 871 2074 numerum
888 2021 1015 2089 septem
1033 2013 1126 2071 hora-

366 2126 437 2168 rum
461 2109 691 2171 canonicarum
715 2111 863 2187 divisam,
886 2109 938 2170 die
958 2120 1125 2185 noctuque

332 2206 494 2268 rsstatutis
529 2208 732 2284 temporibus
763 2207 993 2284 percogitando
1025 2207 1125 2267 rumi-

366 2306 477 2380 nabat3
506 2314 537 2364 et
565 2306 791 2366 absconditum
814 2322 933 2365 manna
958 2304 990 2364 in
1014 2322 1054 2365 ea
1074 2322 1124 2364 re·

365 2402 514 2478 perienS,
542 2413 649 2463 tantae
675 2403 844 2464 suavitatis
872 2402 989 2479 gaudio
1020 2403 1124 2478 reple-

364 2500 473 2561 batur:
505 2511 540 2561 ut
572 2502 634 2560 iarn
664 2519 730 2561 non
760 2501 846 2577 ipsa,
877 2500 935 2560 sed
966 2499 1121 2561 Christus

365 2598 459 2657 cuius
495 2599 682 2674 passionem
720 2600 916 2675 recogitabat
956 2599 1120 2659 sustinere

327 2696 540 2772 aovidcretur,
562 2714 645 2774 quae
661 2698 821 2757 hactenus
836 2697 906 2773 ipsa
928 2696 962 2755 in
985 2713 1118 2773 corpore

363 2794 427 2869 pati
451 2794 629 2855 videbatur.
674 2796 805 2855 Poterat
833 2806 910 2854 tunc
940 2796 1037 2870 plane
1064 2811 1118 2870 per

364 2893 597 2967 experientiam
627 2910 645 2951 a
674 2892 790 2969 spiritu
820 2893 914 2953 docta
940 2910 1015 2952 curn
1040 2891 1114 2951 lsaia

362 2989 482 3050 dicere.
532 2992 618 3051 Vere
647 3001 681 3051 tu
714 3009 750 3051 es
779 2992 870 3051 Deus
899 2990 1110 3050 absconditus.
1152 2997 1165 3040 ἲ

364 3086 401 3146 Et
430 3088 547 3148 iterum
578 3088 769 3148 exclamare.
820 3086 938 3148 Anima
968 3105 1039 3147 mea
1065 3086 1109 3144 de·
1164 3112 1165 3117 κ

325 3184 517 3246 assideravit
539 3195 570 3245 te
593 3186 625 3245 in
644 3195 757 3260 nocte;
779 3186 836 3245 sed
859 3195 891 3245 et
913 3185 1029 3261 spiritu
1046 3194 1106 3241 meo
1163 3221 1165 3230 Α

363 3281 395 3340 in
427 3283 626 3357 praecordiis
656 3283 755 3343 meis:
785 3284 825 3341 de
855 3298 950 3341 mane
980 3277 1105 3356 vigilabo
1164 3305 1165 3308 ¹

362 3380 401 3439 ad
424 3389 465 3440 te.
