2692 4659
280 682 441 736 (amm
468 680 631 723 SERMONES
646 683 686 723 Ab
703 681 852 724 NOVICIOS
878 682 1042 735 &ww

282 815 547 891 temptationibus
582 815 766 875 restitistis:
808 832 870 875 nec
905 831 1041 875 manum

281 930 342 973 nec
364 914 481 989 pedem
497 914 655 989 amputari
678 930 736 989 pro
760 912 823 973 lide
845 923 877 973 et
892 913 1041 973 castitate

280 1011 488 1087 permisistis
530 1012 654 1071 Verum
677 1012 705 1071 si
723 1028 821 1087 saepe
844 1010 984 1071 deficitis
1007 1011 1040 1070 in

281 1109 426 1169 minimis
448 1108 656 1185 passionibus
685 1126 743 1185 pro
767 1109 901 1171 Christo
931 1108 964 1168 in
990 1126 1041 1169 re·

258 1208 401 1285 aligione
416 1207 560 1268 subortis
567 1225 576 1283 ;
598 1208 762 1284 quomodo
778 1206 900 1267 maiora
917 1206 981 1281 pati
1006 1205 1040 1265 in

280 1306 510 1382 persecutione
544 1304 717 1381 possetis?
772 1303 854 1364 Sunt
896 1319 1041 1380 namque

281 1405 382 1463 multa
403 1403 436 1462 in
458 1402 577 1480 quibus
598 1403 737 1478 probare
757 1401 895 1478 potestis
914 1400 1043 1461 fortitu-

280 1502 389 1562 dinem
412 1511 554 1562 vestram
577 1501 728 1578 quamvis
756 1499 947 1576 sanguinem
972 1515 1040 1557 non

282 1598 441 1659 fundatis:
482 1615 544 1658 nec
580 1616 685 1675 usque
721 1599 760 1658 ad
800 1595 1042 1657 mutilationem

247 1715 271 1756 ro
281 1697 501 1758 membrorum
518 1696 714 1772 repugnatis.
747 1694 855 1755 Sancti
879 1703 1043 1771 martyres

281 1795 427 1854 membra
448 1811 508 1853 sua
529 1793 645 1869 poenis
673 1801 896 1868 exposuerunt
916 1791 1044 1868 gravis-

280 1891 390 1952 simis:
418 1909 478 1951 vos
500 1891 533 1950 in
556 1890 669 1951 multis
691 1889 825 1950 ieiuniis
852 1899 884 1950 et
905 1890 1041 1966 vigiliiS,

281 1990 313 2049 in
336 1990 467 2050 silentio
496 1999 529 2049 et
557 1989 723 2048 laboribus
750 2005 869 2064 corpus
890 1996 1040 2048 vestrum

210 2108 271 2145 nora
280 2105 322 2148 ne
338 2089 514 2148 insolescat
528 2087 686 2163 castigare
702 2086 837 2146 debetis,
867 2085 933 2162 Qui
950 2085 1040 2145 enim

247 2203 377 2247 rsomne
399 2202 544 2245 amarum
566 2202 624 2260 pro
646 2184 748 2259 dulci,
774 2200 871 2243 omne
893 2183 959 2244 vile
981 2201 1041 2260 pro

281 2285 427 2359 pulchro,
449 2300 547 2344 omne
568 2282 660 2343 triste
689 2299 748 2358 pro
776 2282 893 2359 gaudio
922 2282 1041 2358 accipit

281 2393 312 2442 et
333 2382 489 2442 sustinet:
512 2380 565 2440 hic
580 2380 742 2440 veraciter
757 2380 892 2439 calicem
905 2379 1040 2440 Domini

281 2496 354 2538 cum
378 2478 574 2555 martyribus
592 2478 688 2553 bibit3
711 2478 797 2538 etin
821 2478 940 2538 futuris
962 2494 1039 2554 poe·

281 2576 332 2635 nis
351 2576 401 2636 uri
424 2593 491 2635 non
514 2574 655 2634 timebit:
678 2575 736 2634 sed
759 2585 946 2635 sanctorum
963 2577 1040 2635 cho·

244 2674 325 2733 20ris
354 2674 471 2733 sociari
501 2689 629 2733 summe
655 2672 816 2748 gaudebit.
859 2674 969 2733 Vnum
1000 2691 1040 2734 ex

280 2771 333 2830 his
348 2770 491 2847 eligatis3
506 2779 561 2830 aut
576 2769 784 2829 aeternaliter
799 2771 946 2830 comburi
964 2790 1039 2832 cum

280 2869 494 2929 daemonibus
509 2884 567 2943 pro
584 2866 722 2926 modicis
734 2868 969 2943 voluptatibus:
984 2880 1040 2930 aut

279 2985 337 3043 pro
359 2967 450 3027 brevi
467 2964 672 3039 abstinentia,
694 2965 830 3039 perenni
846 2967 950 3042 gloria
968 2985 1039 3044 per-

280 3064 342 3123 frui
366 3081 439 3123 cum
462 3063 587 3139 angelis
615 3061 747 3121 sanctis.
792 3062 829 3122 Et
857 3063 934 3140 quia
957 3082 1040 3125 mar·

242 3174 369 3241 astyres
400 3163 484 3221 mala
513 3171 670 3237 perpetua
701 3161 926 3236 attenderunt3
965 3161 1038 3221 ideo

279 3262 363 3320 mala
393 3258 579 3320 transitoria
609 3258 717 3318 levius
751 3259 975 3334 pertulerunt:
1007 3269 1039 3319 et

278 3358 387 3434 potius
408 3375 466 3434 per
480 3366 648 3432 angustam
665 3355 750 3415 viam
773 3357 812 3415 ad
833 3356 1036 3417 latitudinem

279 3456 359 3516 caeli
383 3455 503 3515 intrare
525 3464 729 3530 optaverunt.
767 3455 879 3515 Potest
901 3455 1038 3532 quilibet

279 3555 312 3614 in
335 3553 449 3613 ordine
471 3562 503 3612 et
524 3552 557 3611 in
576 3563 660 3613 statu
684 3570 744 3612 suo
760 3552 913 3628 religiose
937 3562 970 3613 et
985 3553 1037 3612 de·

242 3662 354 3711 aovote
375 3650 516 3711 vivendo
538 3650 676 3725 palmam
700 3649 845 3726 martyrii
872 3651 1035 3726 optinere:

279 3749 306 3808 si
330 3759 442 3809 contra
463 3747 541 3807 vitia
562 3765 621 3807 sua
644 3747 771 3807 fortiter
792 3756 903 3819 certat,
928 3748 956 3807 si
980 3764 1035 3823 pro

644 3852 670 3891 ao
