2692 4659
245 680 569 734 &ww
603 680 651 722 ΧΧΙ
684 678 1005 732 mmmm

245 825 300 876 tus
331 832 372 875 ex
402 814 513 874 labore
544 830 601 889 pro
631 813 831 873 relevamine
858 812 1004 889 corporis

246 913 386 973 orationi
417 910 598 972 insistebat.
651 911 749 970 Hunc
785 920 914 971 satanas
949 910 1004 970 diu

244 1009 428 1086 temptavit,
449 1018 484 1069 ut
499 1009 538 1068 de
559 1007 757 1068 monasterio
774 1009 951 1084 recederet,
974 1016 1006 1067 et

245 1126 306 1185 per
336 1108 495 1168 mundum
528 1106 747 1167 mendicatum
779 1106 857 1181 iret3
888 1115 1005 1182 putans

245 1207 335 1283 quod
357 1208 420 1266 hoc
443 1206 513 1265 Deo
544 1205 647 1281 magis
678 1206 837 1281 placeret:
868 1214 900 1265 et
930 1204 1028 1281 quias

247 1303 302 1363 hic
331 1305 432 1365 multa
453 1304 623 1365 commoda
651 1303 786 1363 haberet
814 1301 932 1378 quibus
958 1302 1006 1360 in·

246 1400 367 1477 dignus
389 1412 487 1463 esset.
519 1402 583 1463 Sed
606 1401 645 1461 ab
667 1403 728 1461 hac
744 1399 908 1476 opinione,
930 1417 1006 1460 con·

246 1499 322 1558 silio
354 1500 472 1575 prioris
503 1510 535 1561 et
566 1500 701 1559 fratrum
730 1498 1006 1559 admonitionibus

246 1604 409 1658 retractus
437 1607 503 1673 est,
534 1614 575 1657 ne
597 1614 634 1657 se
662 1596 808 1673 periculo
837 1596 943 1656 daret:
974 1605 1006 1656 et

247 1712 308 1770 per
339 1696 495 1755 mundum
527 1695 672 1772 vagando
704 1693 844 1754 finaliter
873 1703 1005 1754 erraret.
1018 1707 1042 1747 ro

247 1792 356 1869 Saepe
377 1792 464 1852 enim
487 1792 624 1851 callidus
649 1799 824 1866 temptator
851 1790 912 1850 sub
934 1808 1006 1868 spe·

247 1891 300 1951 cie
322 1890 469 1951 melioris
490 1890 567 1950 boni
587 1889 756 1965 simplices
778 1889 913 1966 decipit:
936 1898 1007 1949 eta

247 1989 335 2047 bono
358 1987 487 2064 incepto
503 2005 562 2063 per
575 1987 788 2048 mutationem
805 1987 878 2062 loci,
899 1988 938 2047 ad
960 1987 1007 2046 in-

219 2149 221 2153 ,
248 2086 464 2147 constantiam
494 2085 592 2145 animi
622 2085 729 2147 trahit.
773 2085 926 2161 Cumque
954 2085 1007 2144 ad·

248 2184 314 2242 huc
337 2182 472 2243 minime
495 2193 668 2245 contentus
690 2193 779 2244 esset
807 2184 845 2243 ad
875 2197 1043 2243 manen-15

248 2282 345 2352 dum:
367 2298 428 2341 nec
449 2291 558 2342 tamen
573 2283 708 2342 auderet
729 2281 913 2341 inconsulte
934 2280 1006 2340 sine

247 2379 381 2440 licentia
397 2380 567 2439 recedere:
590 2379 675 2440 inter
685 2381 765 2439 haec
776 2388 1008 2454 temptamenta

247 2475 396 2553 confugit
417 2477 456 2536 ad
478 2478 603 2537 beatam
626 2475 786 2552 virginem
812 2494 871 2553 per
892 2477 1008 2537 devota

247 2574 433 2636 orationum
469 2590 601 2634 suarum
638 2572 802 2649 suffragia.
858 2574 1006 2651 Quadam

247 2673 348 2750 igitur
370 2671 422 2731 die
445 2671 596 2748 fatigatus
618 2689 658 2731 ex
680 2671 807 2747 labore,
838 2672 1043 2732 reclinavitao

247 2787 285 2829 se
314 2769 355 2829 ad
377 2769 546 2842 orandum,
574 2768 662 2828 iuxta
683 2768 871 2828 vehiculum
894 2786 1007 2828 suum:

246 2867 334 2926 sicut
349 2865 481 2941 saepius
497 2865 634 2926 faciebat
649 2865 831 2927 invocando
842 2866 1006 2926 dominam

247 2974 280 3025 et
316 2963 515 3024 nominando
553 2963 661 3022 lesum
694 2962 876 3024 Christum.
919 2963 1005 3025 Cum

246 3080 326 3139 ergo
359 3061 450 3121 solus
481 3060 601 3121 iaceret
631 3070 812 3136 prostratus
843 3061 877 3120 in
905 3070 1006 3121 terra:

246 3176 363 3235 parum
380 3168 551 3233 soporatus
573 3169 623 3220 est
644 3159 730 3219 dulci
753 3176 871 3236 sopore
893 3160 926 3219 in
943 3161 1043 3220 D0·25

247 3257 348 3317 mino.
392 3255 546 3333 Viditque
576 3257 671 3317 valde
702 3258 923 3318 venerabilem
952 3259 1007 3318 do-

246 3354 371 3415 minam
388 3353 451 3413 sibi
473 3354 644 3414 assistere:
668 3363 700 3413 et
719 3354 772 3430 pia
786 3355 1007 3415 admonitione

247 3454 332 3512 haec
353 3451 455 3511 verba
476 3451 650 3512 dicentem.
694 3452 856 3512 Maneatis
878 3453 912 3513 in
935 3454 1007 3514 loco

247 3551 331 3610 isto:
367 3558 399 3609 et
435 3550 520 3626 quod
556 3549 645 3626 prior
676 3550 769 3609 vobis
805 3550 946 3611 consulit
976 3559 1008 3610 et

247 3647 340 3721 dicit,
361 3648 423 3707 hoc
446 3647 581 3707 faciatis.
625 3647 687 3707 His
709 3647 814 3723 dictis,
836 3647 1043 3707 honorabiso

248 3746 291 3805 lis
313 3745 445 3809 domina
466 3745 573 3805 statim
589 3745 763 3821 disparuit:
787 3754 818 3804 et
840 3746 895 3804 ille
910 3745 948 3804 ad
971 3760 1007 3803 se

612 3850 650 3891 2n
861 3848 901 3890 14*
