2692 4659
363 692 524 744 mm
542 692 610 734 VITA
626 690 789 734 LIDEWlGlS
804 690 943 734 VIRGINIS
961 691 1111 745 mmm

362 824 572 885 beatitudine.
629 824 763 901 Sepulta
799 835 849 885 est
885 835 995 885 autem
1032 842 1112 901 prae-

363 922 480 981 dilecta
501 940 622 998 sponsa
645 920 770 983 Christi
795 922 914 998 Lydia,
937 923 1112 1000 virginitate

363 1020 516 1095 candida,
547 1019 729 1080 humilitate
758 1020 937 1095 profunda,
969 1019 1113 1097 patientia

363 1119 513 1194 expolita,
536 1118 667 1177 caritate
689 1116 824 1192 fervida,
846 1118 1046 1194 misericors
1066 1118 1112 1175 be·

340 1216 477 1292 snigna,
505 1215 680 1275 devotione
702 1215 896 1290 praecipua,
926 1215 1113 1290 contempla·

363 1315 450 1374 tione
483 1314 667 1389 praecelsa:
700 1313 853 1372 omnibus
884 1314 1059 1374 virtutibus
1086 1322 1113 1371 et

362 1411 457 1470 donis
480 1412 582 1472 sancti
602 1411 744 1486 Spiritus
766 1409 941 1470 affluenter
963 1413 1111 1472 decorata.

364 1510 437 1569 Non
460 1509 577 1567 sericis
592 1508 750 1584 involuta,
773 1526 838 1567 non
862 1508 894 1567 in
910 1510 1023 1569 tumba
1042 1524 1112 1568 mar·

363 1623 474 1666 morea
489 1606 615 1682 clausa3
638 1606 696 1665 sed
714 1606 747 1665 in
764 1607 940 1682 sepulchro
956 1607 997 1666 de
1013 1604 1112 1682 lapidi·

330 1720 354 1760 to
362 1706 423 1765 bus
439 1721 538 1781 opere
554 1704 764 1764 caementarii
788 1715 1008 1781 congruenter
1023 1704 1113 1764 lacto:

362 1820 428 1862 non
451 1804 484 1862 in
507 1802 636 1862 civitate
659 1803 766 1878 regia3
792 1802 849 1861 sed
872 1801 906 1860 in
929 1801 1047 1877 oppido
1068 1817 1113 1874 pa-

362 1910 455 1959 terno
472 1899 645 1959 Schiedam
670 1899 854 1959 nominato:
877 1916 943 1958 non
967 1899 1000 1957 in
1023 1899 1113 1958 choro

363 1998 556 2057 clericorum
580 1998 683 2057 autin
700 1997 884 2057 sanctuario
901 1996 1114 2068 sacerdotum;
1154 2073 1157 2085 1

364 2095 477 2155 sedin
502 2095 668 2155 communi
700 2094 897 2155 coemeterio
927 2092 1157 2171 parochialis

331 2194 524 2253 rsecclesiae
553 2193 656 2253 sancti
688 2193 842 2252 Iohannis
872 2193 1055 2269 Baptistae,
1081 2188 1114 2249 ad

364 2291 538 2352 australem
556 2302 679 2367 partem
695 2292 824 2367 templi:
845 2291 898 2350 ubi
916 2291 955 2350 ab
971 2291 1115 2351 omnibus

364 2388 620 2448 inhabitantibus
653 2390 760 2464 possit
789 2390 956 2464 sepultura
988 2387 1115 2464 virginis

364 2486 467 2545 videri
497 2497 529 2546 et
551 2488 687 2548 visitari
732 2488 805 2547 Non
828 2497 936 2546 tamen
962 2485 1115 2563 profunde

365 2584 397 2642 in
428 2595 512 2644 terra
541 2603 601 2645 nec
632 2603 705 2645 curn
736 2596 821 2645 terra
853 2585 997 2660 desuper
1025 2593 1116 2654 tecta3

329 2698 356 2738 20
365 2699 425 2741 nec
442 2701 541 2758 super
556 2694 675 2743 terram
688 2683 786 2742 nimis
798 2684 940 2742 elevata:
956 2684 1014 2742 sed
1026 2696 1115 2756 super

364 2781 472 2840 trabes
495 2783 619 2857 ligneas
641 2782 726 2840 intra
748 2781 869 2839 fossam
887 2780 1047 2855 lapideam
1069 2796 1113 2837 ex-

365 2888 485 2937 tensas
530 2879 567 2938 Et
597 2881 658 2938 hoc
688 2878 820 2954 quidern
844 2878 941 2955 digne
966 2879 1060 2938 satis:
1087 2885 1114 2935 ut

365 2977 670 3051 quemadmodum'
663 2994 696 3035 tn
718 2976 873 3053 tringinta
888 2977 984 3036 annis
1007 2987 1112 3036 terrant

366 3090 430 3131 non
453 3074 601 3150 tetigerat
623 3073 756 3147 vivens;
787 3074 830 3132 ita
855 3090 917 3133 nec
946 3083 1032 3133 terra
1053 3085 1111 3131 earn

329 3180 511 3245 25tangeret
532 3171 737 3230 defunctam:
761 3188 822 3230 nec
845 3172 999 3230 cumulus
1021 3181 1111 3231 terrae

365 3269 526 3343 coperiret
558 3269 705 3345 corporis
741 3268 814 3327 eius
849 3286 967 3328 arcam
1020 3268 1111 3341 Super

365 3383 460 3441 quarn
484 3368 610 3442 positus
633 3376 683 3425 est
706 3366 789 3441 lapis
803 3366 937 3442 grandis
957 3365 1047 3426 rubei
1069 3377 1109 3421 co-

365 3463 460 3538 loris,
489 3464 630 3523 diversis
660 3464 770 3523 rubeis
800 3462 955 3523 crucibus
980 3464 1018 3523 ab
1039 3463 1108 3521 intra

365 3561 520 3620 decenter
549 3562 721 3639 figuratus:
750 3561 922 3621 duobusi
921 3579 976 3621 ere
1006 3553 1106 3620 cubitis

328 3676 465 3733 aosuper
487 3660 646 3719 tumulum
670 3658 836 3734 sepulchri
861 3658 1019 3718 elevatus
