2692 4659
358 686 520 739 mem
539 684 941 729 vrramoewm1svmcm1s
958 686 1119 740 :osorem

361 819 493 896 reliquit
524 820 631 880 debita
659 820 818 897 quaedam
847 837 931 896 quae
961 818 1020 880 lilii
1052 820 1120 880 eius

359 917 549 993 persolvere
578 918 767 995 nequibant.
810 918 906 995 Quod
930 935 1007 978 cum
1031 918 1119 995 virgo

361 1014 617 1075 clementissima
627 1015 845 1091 percepisset:
858 1014 1002 1075 venditis
1013 1016 1119 1076 cleno-

361 1112 424 1171 diis
446 1129 485 1172 ex
507 1113 688 1173 hereditate
710 1113 823 1173 matris
846 1113 907 1173 sibi
923 1113 1062 1189 relictis,
1083 1114 1118 1173 ad

338 1221 434 1272 socto
461 1210 560 1270 libras
584 1211 777 1271 Hollandiae
803 1211 944 1287 pretium
973 1211 1119 1287 collegit;
1153 1212 1161 1232 ⁸

361 1316 393 1366 et
408 1307 441 1366 in
457 1307 609 1368 denarios
625 1309 724 1369 unius
739 1318 889 1370 monetae
904 1326 989 1386 quos
1001 1310 1119 1370 melius

361 1406 578 1481 cognoscebat
600 1407 776 1483 permutari
800 1406 893 1467 fecit:
915 1424 953 1466 ae
973 1407 1007 1467 in
1024 1408 1119 1467 bursa

361 1519 464 1578 penes
492 1520 528 1563 se
550 1503 730 1564 collocavit.
774 1504 924 1581 Quodam
947 1503 1049 1580 igitur
1070 1505 1118 1565 die

361 1601 654 1692 advesperascente
681 1600 850 1661 advocavit
872 1600 1047 1662 Nicolaum
1071 1620 1119 1663 co-

329 1708 493 1774 rognatum
516 1715 611 1757 suum
635 1715 748 1757 secum
766 1708 1042 1760 commorantem:
1065 1700 1120 1759 mi-

362 1796 470 1871 sitque
500 1813 559 1871 per
590 1813 721 1855 manum
753 1796 825 1855 eius
856 1797 895 1856 ad
923 1796 1118 1858 solvendum

362 1892 500 1969 singulis
524 1893 726 1954 debitoribus
747 1892 855 1954 debita
877 1894 1038 1971 matema,
1068 1895 1119 1956 ubi

362 2007 420 2050 eos
438 1990 561 2052 sciebat
576 1990 781 2051 commorari.
814 1990 997 2052 Persolutis
1011 1993 1121 2070 itaque

362 2088 480 2148 debitis
491 2088 643 2148 omnibus
654 2091 1122 2167 quaenoveratpersolvenda;

329 2186 458 2249 isiussit
480 2186 616 2246 Nicolao
645 2195 680 2247 ut
708 2188 839 2246 bursam
869 2186 1066 2263 inspiceret:
1094 2188 1120 2248 si

362 2285 439 2361 quid
464 2284 496 2344 in
519 2302 558 2345 ea
579 2285 802 2345 remansisset.
845 2285 911 2362 Qui
935 2286 1122 2347 certissime

362 2383 546 2459 respondit:
577 2383 711 2443 multam
741 2382 912 2459 pecuniam
941 2383 975 2443 in
1005 2401 1046 2444 ea
1074 2402 1122 2444 re·

362 2481 534 2541 mansisse.
553 2481 631 2540 lllox
641 2481 696 2540 illa
704 2481 809 2556 iussit,
818 2491 852 2541 ut
861 2482 998 2541 eandem
1007 2500 1123 2542 nume-

362 2588 457 2637 raret.
489 2578 643 2655 Cumque
658 2587 880 2639 numerasset:
899 2579 980 2639 dixit
995 2580 1123 2656 priores

325 2698 353 2737 20
362 2685 435 2736 octo
458 2676 556 2735 libras
578 2693 615 2735 se
637 2676 816 2752 invenisse,
838 2686 870 2736 et
886 2677 993 2736 adhuc
1009 2695 1123 2753 super·

362 2790 446 2833 esse.
475 2774 566 2834 Tunc
582 2775 748 2851 prohibuit
763 2792 838 2834 eum
854 2774 995 2850 amplius
1008 2792 1123 2836 nume·

362 2888 451 2947 rare;
473 2882 505 2932 et
526 2872 645 2948 gratias
662 2890 763 2949 agens
779 2874 849 2933 Deo
865 2890 965 2949 super
981 2873 1122 2934 mirabili

362 2968 447 3027 dono
470 2969 552 3044 eius,
574 2969 614 3028 de
632 2978 742 3029 cetero
758 2969 869 3030 statuit
883 2970 1015 3029 bursam
1034 2971 1122 3032 illam

361 3065 493 3125 bursam
524 3067 598 3126 lesu
627 3067 806 3128 nominari:
838 3078 869 3128 et
897 3069 985 3144 quod
1014 3085 1056 3129 ex
1087 3087 1124 3130 ea

325 3163 560 3239 aspauperibus
582 3165 721 3225 debeant
742 3165 930 3226 necessaria
951 3166 1031 3226 dari.
1078 3168 1122 3227 Ex

363 3262 422 3319 bac
434 3277 511 3336 ergo
522 3261 700 3323 liberaliter
711 3263 881 3340 egentibus
893 3263 1123 3324 distribuebat:

362 3358 491 3433 quando
520 3359 600 3419 alias
627 3361 784 3436 pecunias
806 3378 871 3421 non
894 3361 1044 3421 habebat.
1089 3363 1122 3422 Si

362 3472 441 3514 vero
464 3456 625 3517 interdum
650 3457 775 3534 aliquas
797 3457 954 3533 pecunias
976 3458 1029 3518 vel
1051 3477 1124 3536 pro·

363 3554 450 3629 prias
465 3555 517 3615 vel
533 3572 591 3631 per
602 3556 831 3633 eleemosynas
842 3565 1013 3632 susceptas
1024 3558 1123 3618 habe-

326 3653 431 3715 sobat:
460 3652 533 3712 illas
555 3652 705 3729 primitus
728 3653 838 3727 dabat3
860 3655 990 3730 quando
1013 3665 1123 3716 autern

363 3748 443 3808 alias
465 3767 530 3809 non
551 3751 698 3826 babebat,
720 3767 760 3810 ex
776 3753 835 3811 bac
850 3752 950 3811 bursa
966 3752 1041 3813 lesu
1059 3766 1123 3815 tam

721 3856 761 3897 ssa
