2692 4659
244 795 355 855 aureis
385 794 504 855 litteris
533 804 645 855 contra
673 795 804 856 derisus
833 796 1001 856 hominum

243 902 276 953 et
308 901 452 953 terrores
483 895 696 954 daemonum:
732 903 763 954 et
794 894 942 954 liberabit
973 904 1003 955 te

245 993 340 1052 lesus
370 992 526 1054 Christus
556 993 624 1052 Rex
653 993 817 1053 caelorum
847 993 885 1052 ab
915 992 1002 1052 omni

244 1106 401 1165 pressura
422 1089 620 1166 iniquorum.
663 1089 697 1150 Si
720 1090 764 1150 ita
782 1090 901 1150 leceris
923 1100 1004 1151 asta-

243 1188 290 1247 bit
322 1195 354 1247 et
385 1187 442 1247 tibi
474 1197 578 1248 mater
609 1189 683 1248 lesu
717 1188 821 1248 Maria
852 1188 1027 1264 precibuss

243 1285 332 1345 suis:
362 1302 404 1346 ne
434 1287 591 1362 desperes
620 1286 652 1346 in
676 1286 832 1347 extremis
854 1296 886 1346 et
907 1303 1005 1362 angu-

243 1383 318 1443 stiis
333 1383 408 1443 tuis.
435 1383 533 1443 Nulla
550 1384 636 1444 enim
653 1394 757 1444 mater
771 1393 835 1444 tarn
851 1402 1003 1460 magnum

243 1482 276 1540 in
293 1481 462 1541 nativitate
483 1481 540 1541 lilii
563 1482 613 1542 sui
629 1482 782 1559 gaudium
799 1492 831 1541 et
846 1483 1002 1543 solacium

244 1579 368 1655 habuit,
384 1579 469 1639 sicut
484 1581 566 1639 haec
581 1580 771 1640 beatissima
786 1580 905 1641 sensit:
921 1598 1004 1657 quae

244 1677 349 1736 lilium
372 1677 433 1737 Dei
467 1676 640 1753 concipere
671 1686 704 1737 et
732 1694 846 1753 parere
875 1679 1041 1739 meruitro

245 1776 345 1835 Nulla
374 1774 470 1834 etiam
500 1785 604 1835 mater
631 1783 750 1835 tantam
781 1775 943 1835 tristitiam
973 1786 1005 1836 et

243 1872 483 1933 intolerabilem
507 1873 651 1932 dolorem
676 1872 708 1932 iu
738 1882 842 1933 morte
865 1875 1004 1934 carnalis

246 1970 304 2030 lilii
338 1970 389 2029 sui
420 1970 533 2030 habuit
563 1978 595 2029 et
625 1970 777 2047 pertulit;
808 1971 892 2032 sicut
923 1974 1003 2032 haec

244 2068 470 2128 amantissima
501 2077 605 2128 mater
635 2069 667 2128 in
697 2068 850 2145 passione
879 2070 1003 2145 praedi-

245 2166 321 2225 lecti
346 2165 402 2225 filii
425 2166 476 2225 sui
499 2184 539 2226 ex
568 2166 795 2242 compassione
824 2168 1040 2244 persensit21s

246 2263 377 2340 quando
399 2263 488 2324 iuxta
509 2282 640 2325 crucem
664 2266 736 2325 eius
758 2267 863 2342 stetit,
892 2284 928 2326 ac
951 2268 1005 2326 do·

247 2361 327 2421 loris
348 2362 454 2437 gladio
477 2364 711 2423 convulnerata
730 2365 934 2425 amarissime
951 2365 1005 2425 lle·

245 2459 302 2518 vit.
334 2457 436 2519 Certe
458 2460 557 2521 tantis
579 2461 660 2520 visis
683 2461 850 2521 doloribus
872 2462 904 2521 in
928 2462 1006 2537 lilio,

245 2573 344 2633 quem
368 2556 575 2633 singulariter
597 2575 696 2634 super
711 2559 820 2618 omnia
835 2559 1006 2619 excessive

245 2654 415 2731 diligebat:
444 2654 562 2714 mirum
585 2656 679 2715 valde
709 2655 785 2730 luit,
814 2657 900 2732 quod
923 2656 1041 2715 ultraeo

244 2752 278 2812 in
302 2768 440 2827 corpore
461 2751 574 2812 vivere
596 2752 717 2829 potuit;
748 2753 842 2813 cuius
864 2754 1004 2813 animam

245 2849 368 2909 totiens
390 2849 512 2909 doloris
531 2850 658 2926 gladius
681 2851 905 2926 pertransivit:
928 2870 1005 2928 quo·

244 2946 332 3006 tiens
362 2945 464 3006 lilium
494 2947 638 3022 torqueri
668 2956 700 3007 et
731 2947 822 3008 illudi
851 2949 931 3009 vidit
952 2953 1004 3011 vel

245 3044 381 3105 audivit.
418 3042 447 3104 Ο
470 3061 548 3104 vere
570 3044 734 3121 singulare
757 3048 946 3125 martyrium
972 3048 1005 3108 in

194 3204 201 3218 ,
244 3145 392 3205 desolata
420 3152 522 3202 matre
552 3151 583 3202 et
604 3152 724 3207 tenera
750 3143 893 3220 virgine3
922 3162 1041 3221 quaezs

244 3241 354 3301 acrius
376 3241 588 3317 torquebatur
607 3241 641 3301 in
664 3243 762 3302 corde
778 3243 1004 3326 compatiendo

246 3340 329 3400 lilio:
360 3357 455 3416 quam
478 3348 601 3416 martyr
623 3340 740 3417 aliquis
767 3357 950 3416 suspensus
972 3341 1004 3400 in

244 3437 374 3497 eculeo.

286 3533 417 3593 Fratres
446 3532 473 3592 si
497 3533 671 3594 Dominam
701 3545 844 3595 nostram
873 3536 1006 3612 diligitis

244 3641 276 3691 et
300 3630 373 3690 eius
395 3630 610 3706 patrocinium
633 3631 666 3691 in
689 3632 777 3692 omni
798 3634 1041 3694 tribulationem

244 3728 458 3804 desideratis3
479 3736 556 3787 tunc
572 3729 666 3789 stetis
681 3747 755 3789 cum
779 3748 817 3790 ea
831 3731 919 3791 iuxta
934 3749 1005 3791 cru·

604 3833 641 3875 aor
