2692 4659
361 725 522 781 mm
549 724 713 769 senuoxss
728 726 768 768 xo
784 726 935 771 xovxmos
960 728 1125 781 mammam

363 858 507 935 iunium3
529 859 703 920 seminavit
718 860 844 920 zizania
865 861 950 921 inter
964 862 1125 923 triticum:

363 956 449 1016 inter
470 959 635 1034 apostolos
650 959 858 1035 traditorem3
880 960 966 1020 inter
983 961 1126 1038 discipu-

364 1055 413 1115 los
444 1066 736 1117 murmuratorem:
772 1057 858 1117 inter
888 1057 1044 1118 diaconos
1075 1076 1127 1119 se-

364 1152 549 1227 ductorem,
580 1153 666 1214 inter
695 1154 809 1214 fideles
839 1153 913 1214 fidei
936 1168 1126 1231 persecuto-

341 1267 443 1309 srem.
494 1250 567 1327 lpse
596 1252 726 1312 seduxit
756 1252 867 1311 Iudam
896 1268 955 1327 per
985 1253 1127 1330 furtum3

364 1348 404 1407 de
427 1348 513 1408 furto
541 1349 637 1409 traxit
665 1351 705 1410 ad
734 1350 903 1426 laqueum:
935 1350 975 1410 de
1007 1351 1125 1428 laqueo

364 1446 521 1505 miserum
550 1446 642 1506 duxit
670 1447 709 1506 ad
739 1447 915 1507 infernum.
960 1447 1005 1507 lbi
1036 1450 1126 1509 nulla

364 1555 415 1605 est
445 1545 643 1621 redemptio:
680 1561 741 1606 nec
773 1546 876 1606 ullum
908 1547 1125 1624 refrigerium.

366 1645 440 1704 Heu
463 1659 578 1703 omnes
600 1642 662 1703 sibi
686 1643 932 1704 consentientes
963 1644 1063 1704 allicit
1086 1646 1124 1705 ad

331 1758 356 1799 ro
365 1743 565 1819 peccandum
588 1750 702 1801 contra
725 1742 830 1802 Deum
862 1752 894 1802 et
912 1742 1125 1818 proximum3

364 1850 461 1917 atque
483 1849 557 1916 post
577 1840 679 1899 multa
701 1840 784 1899 mala
805 1840 920 1899 suadet
933 1840 1073 1915 perdere
1088 1854 1125 1897 se

365 1938 489 2015 ipsum:
532 1938 706 2013 neglegere
742 1938 868 1996 caelum
912 1946 944 1997 et
987 1937 1124 2014 diligere

365 2036 533 2096 mundum.
577 2035 662 2112 Quis
685 2044 735 2095 est
756 2035 811 2111 qui
842 2036 1038 2095 monachum
1062 2045 1125 2095 tra·

280 2153 282 2156 ·
365 2134 413 2195 hit
435 2135 473 2194 ad
496 2134 682 2208 saeculum3
711 2143 743 2193 et
771 2133 810 2192 ad
839 2133 998 2193 tumultus
1020 2132 1126 2192 homi-

332 2232 472 2292 tsnumP
528 2230 686 2289 Diabolus
722 2230 893 2290 insidiator
931 2229 1125 2290 animarum.

367 2328 452 2406 Quis
467 2328 623 2388 clericum
640 2328 680 2387 de
696 2329 796 2387 choro
816 2326 913 2387 trahit
935 2327 974 2386 ad
991 2327 1129 2387 iorum?

367 2426 524 2486 Diabolus
539 2424 647 2485 omnis
662 2425 727 2484 doli
743 2425 875 2485 artilex:
896 2424 1042 2484 divinum
1060 2426 1130 2484 cul-

366 2532 434 2583 turn
457 2523 616 2600 impedire
632 2522 779 2598 cupiens.
810 2522 895 2599 Quis
917 2522 1035 2582 laicum
1052 2540 1132 2583 con·

367 2638 511 2697 versum,
534 2621 574 2680 de
597 2621 707 2680 labore
730 2621 827 2681 trahit
849 2621 887 2680 ad
904 2620 1004 2679 otium
1028 2630 1061 2680 et
1085 2621 1132 2681 fa·

330 2718 574 2778 aobulandum?
623 2717 782 2777 Diabolus
811 2717 975 2777 circuiens
1003 2718 1132 2794 orbem,

368 2827 403 2877 ut
431 2816 576 2876 inveniat
605 2816 746 2892 aliquem
771 2816 851 2875 ioris
879 2825 1068 2892 vagantem:
1098 2827 1132 2877 et

368 2931 481 2991 parurn
511 2915 562 2973 vel
592 2914 674 2973 nihil
703 2931 762 2989 pro
792 2913 957 2974 communi
981 2913 1132 2974 laboran-

367 3024 443 3072 tem.
473 3011 558 3088 Quis
578 3011 705 3087 pigrum
729 3011 763 3070 in
785 3012 905 3072 lectulo
928 3010 1064 3087 retinet3
1086 3029 1131 3072 ne

368 3110 545 3170 suscitatus
578 3110 642 3170 cito
671 3110 810 3185 surgat?
852 3109 1010 3169 Diabolus
1042 3110 1131 3169 clau-

332 3208 450 3267 asdens
466 3208 579 3267 oculos
595 3206 822 3281 somnolentis,
842 3217 876 3266 ut
891 3223 1005 3283 parum
1022 3207 1130 3266 adhuc

369 3306 488 3379 iaceat,
517 3314 549 3365 et
571 3304 809 3364 somnolentiae
832 3322 911 3364 suae
941 3304 1130 3364 satisfaciat.

370 3402 501 3463 Gaudet
522 3402 609 3462 enim
641 3403 682 3462 de
713 3403 901 3479 pigritante:
933 3410 964 3461 et
995 3401 1130 3477 saepius

369 3500 459 3559 tarde
495 3500 658 3560 veniente.
711 3499 796 3577 Quis
832 3497 1013 3559 discordias
1044 3498 1131 3558 inter

371 3597 487 3657 iratres
505 3598 645 3658 seminat
652 3616 661 3674 ;
684 3607 715 3657 et
731 3596 938 3673 suspiciones
953 3596 1073 3656 multas
1095 3596 1129 3656 in

334 3695 421 3754 aneis
451 3695 611 3771 generat?
662 3696 821 3755 Diabolus
852 3695 942 3771 pacis
974 3695 1129 3770 turbator,

371 3792 437 3852 litis
453 3802 586 3867 amator,
607 3792 773 3869 nequitiae
789 3793 951 3868 inventor,
966 3791 1127 3852 mendacii

731 3898 769 3939 162
