2692 4659
267 685 1036 739 &mmmmm

271 892 334 951 DE
366 889 706 952 SVBTRACTIONE
734 889 1035 952 CONSOLATIO·

335 988 408 1049 NlS
442 986 641 1064 DIVINAE‚
673 987 803 1065 QVAM
833 987 975 1050 VIRGO

336 1084 633 1160 INCVRREBAT,
649 1085 710 1147 OB
725 1084 975 1146 TRISTITIAM

432 1183 585 1245 NEPTIS
609 1182 883 1245 DEFVNCTAE.

531 1350 737 1401 CAPITVLVM
756 1351 785 1399 X.
1044 1356 1057 1395 5

273 1448 450 1666 QG&
466 1515 604 1565 mortem
627 1505 725 1582 igitur
747 1503 950 1564 castissimae
970 1513 1035 1564 tur·

281 1596 298 1656 6
408 1603 490 1663 turis
531 1603 667 1680 virginis
708 1602 923 1677 Petronillae,
966 1603 1036 1679 ipsa

275 1711 390 1761 sancta
418 1702 509 1777 virgo
542 1700 730 1777 LidewigiS‚
766 1709 829 1759 tam
867 1700 973 1760 fidelis
1004 1710 1035 1760 et

276 1799 545 1876 pernecessariae
581 1798 750 1859 adiutricis
786 1798 942 1859 societate
972 1799 1035 1875 pri-

275 1907 369 1971 vata,
400 1897 434 1956 in
465 1896 683 1973 perniciosam
716 1896 830 1956 incidit
861 1895 1035 1971 tristitiam,
1047 1917 1071 1957 to

275 1996 416 2056 nimium
433 1995 547 2055 dolens
570 2011 669 2070 super
685 1994 896 2054 destitutione
912 1994 1035 2053 cbrdia·

276 2094 425 2153 lissimae
441 2092 618 2152 dilectricis
634 2109 714 2151 suae
731 2092 944 2153 Petronillae:
960 2110 1034 2152 cum

276 2209 342 2268 qua
364 2200 477 2251 mutua
498 2190 630 2250 caritate
652 2190 816 2265 devincta,
839 2190 1035 2249 inviolabilis

276 2288 491 2349 castimoniae
527 2287 660 2347 foedera
691 2290 913 2349 conservabat.
951 2289 1033 2349 Nam

276 2384 426 2445 vicissim
456 2384 489 2444 in
512 2384 638 2445 Christi
669 2402 780 2445 amore
802 2404 839 2446 se
861 2387 1034 2463 diligentes
1046 2408 1070 2448 ts

277 2484 321 2544 ita
349 2500 494 2543 conexae
523 2493 614 2544 erant
637 2493 668 2544 et
691 2484 844 2559 pacificae
866 2485 1034 2545 vivebant:

276 2591 311 2642 ut
334 2581 409 2641 sine
430 2581 519 2657 gravi
548 2598 696 2641 maerore
718 2583 757 2641 ab
779 2582 920 2643 invicem
944 2600 1035 2659 sepa-

277 2678 341 2738 rari
354 2695 420 2738 non
432 2689 577 2754 possent.
601 2679 696 2755 Quae
709 2679 840 2756 quidem
857 2680 1035 2740 affectuosa

278 2776 434 2850 conexio,
470 2787 589 2837 metam
622 2777 830 2837 discretionis
862 2778 1036 2852 excedens

278 2875 375 2934 etiam
408 2874 549 2934 Domino
580 2883 704 2934 tantum
738 2875 919 2951 displicuit:
949 2875 1072 2952 quodao

278 2971 309 3031 in
321 2971 500 3031 vindictam
518 2971 647 3047 ineptae
662 2972 824 3047 tristitiae,
839 2972 930 3049 virgo
947 2973 1036 3049 lugu-

279 3070 344 3129 bris
362 3069 474 3129 divina
496 3070 720 3130 consolatione
739 3071 898 3147 usquead
916 3070 1036 3130 festum

279 3166 476 3227 visitationis
486 3168 599 3227 beatae
612 3168 736 3227 Mariae
747 3168 883 3245 virginis
899 3169 1037 3227 carebat.

281 3264 390 3325 Flebat
411 3264 510 3341 igitur
531 3265 752 3341 amarissime,
780 3283 845 3325 non
869 3267 974 3325 solum
998 3265 1037 3324 de

282 3373 383 3424 morte
405 3363 513 3438 neptis
529 3364 686 3423 amissae:
709 3364 767 3423 sed
783 3363 923 3439 amplius
939 3380 1073 3438 superas

283 3461 462 3535 privatione
491 3460 607 3521 solitae
629 3461 751 3538 gratiae
779 3462 820 3520 ub
842 3460 1037 3520 immodera-

283 3566 344 3618 tam
362 3559 526 3619 tristitiam
543 3559 605 3619 sibi
622 3561 816 3619 subtractae.
840 3558 1037 3618 Percontan·

285 3657 367 3717 tibus
389 3675 466 3734 ergo
489 3674 620 3717 causam
644 3658 780 3716 istarum
811 3656 1036 3717 lacrimarum:

287 3752 325 3813 ita
354 3755 521 3831 respondit
553 3754 677 3814 amicis.
722 3754 794 3815 Cur
823 3770 888 3812 non
923 3753 1035 3813 flerem

636 3859 677 3900 aot
