2692 4659
235 826 373 885 dorsum
389 840 486 882 suum
508 823 548 882 ad
570 824 632 882 hoc
647 834 817 899 praeparat
838 833 870 882 et
892 823 999 882 incur·

235 932 306 983 vat:
322 920 492 996 sapienter
505 922 570 997 agit
585 931 617 981 et
632 921 739 981 levius
754 920 902 997 portabit.
933 920 997 997 Qui

235 1030 346 1080 autem
370 1019 464 1079 otiari
488 1019 614 1095 quaerit
636 1028 668 1078 et
687 1018 840 1078 delectari
865 1017 999 1092 fabulis3

236 1135 274 1177 ac
295 1116 406 1193 vagari
429 1133 488 1192 per
510 1117 659 1176 officinas
681 1127 714 1176 et
728 1133 863 1176 nemora
878 1116 997 1192 campi:

236 1215 361 1275 incidet
383 1215 416 1274 in
440 1216 582 1275 latrones
604 1224 637 1276 et
665 1233 764 1275 canes
793 1216 1023 1289 mordentes35

238 1316 302 1373 hoc
325 1324 376 1373 est
405 1313 438 1373 in
461 1312 567 1372 varias
597 1313 826 1390 temptationes
855 1313 1002 1371 carnales

236 1411 374 1489 gratiam
398 1411 583 1471 devotionis
606 1412 850 1487 extinguentes:
872 1420 905 1470 et
927 1427 1001 1469 con-

238 1510 411 1570 scientiam
435 1509 547 1568 multis
569 1509 763 1569 vulneribus
785 1508 981 1568 sauciantes.

281 1608 335 1669 Sic
352 1617 403 1667 est
419 1606 593 1683 religiosus
609 1606 642 1665 in
658 1607 801 1666 claustro
816 1606 1001 1682 professus:

239 1706 326 1765 sicut
342 1704 463 1764 nobilis
486 1704 583 1764 miles
605 1705 644 1764 ab
667 1704 817 1764 hostibus
839 1705 872 1764 in
895 1715 1000 1765 castro
1012 1718 1036 1759 ιο

240 1804 386 1880 undique
416 1802 584 1862 obsessus.
636 1803 711 1861 Non
742 1812 849 1878 potest
880 1803 1003 1877 fugere,

241 1917 306 1960 non
329 1910 439 1976 potest
460 1901 525 1960 otio
554 1910 760 1976 torpescere:
789 1901 846 1960 sed
869 1901 1003 1976 vigilare

242 2007 371 2075 oportet
393 2007 426 2056 et
448 1997 480 2056 in
503 1998 603 2057 armis
625 2016 757 2076 semper
783 2009 868 2058 stare
892 2008 1004 2058 contra

243 2096 453 2155 inimicorum
465 2094 600 2154 insidias
612 2106 644 2155 et
655 2095 796 2172 sagittas.
826 2096 898 2155 Nisi
915 2096 1002 2155 enim

244 2194 331 2271 pugil
365 2193 492 2254 Christi
524 2194 653 2270 cingulo
685 2193 841 2253 castitatis
877 2194 919 2253 sit
953 2210 1004 2252 ac·
1015 2207 1039 2249 15

245 2292 373 2351 cinctus
395 2300 427 2350 et
450 2299 542 2349 scuto
563 2290 738 2366 patientiae
754 2290 898 2366 undique
913 2307 1004 2366 prae-

245 2389 408 2449 munitus:
431 2395 486 2447 aut
507 2388 571 2447 cito
593 2388 757 2462 turbatur,
779 2398 834 2447 aut
856 2388 1003 2464 deicitur,

245 2498 298 2547 aut
319 2487 521 2546 vulneratur,
551 2485 640 2545 State
663 2502 740 2561 ergo
762 2485 795 2544 in
812 2486 928 2546 timore
942 2486 1002 2546 Dei

247 2595 277 2645 et
304 2594 495 2662 praeparate
516 2600 576 2642 vos
605 2584 644 2642 ad
674 2583 863 2643 certandum
893 2593 1005 2643 contra

247 2682 418 2758 passiones
447 2690 573 2739 vestras
603 2690 636 2739 et
664 2680 833 2740 hominum
863 2681 1041 2741 vexatio-20

247 2797 305 2839 nes
336 2790 369 2840 et
400 2780 528 2854 linguas
559 2778 705 2855 iniquas3
737 2779 813 2855 quia
843 2779 1004 2839 habebitis

248 2893 377 2952 semper
391 2876 532 2953 aliquem
549 2875 783 2952 adversarium,
803 2895 890 2936 nunc
906 2877 1003 2937 istum

249 2992 332 3034 nunc
365 2974 474 3049 illum:
505 2983 601 3050 prout
632 2974 724 3033 Deus
756 2974 944 3049 permiserit
965 2975 1004 3033 ad

250 3072 483 3133 humiliandum
506 3089 566 3131 vos
594 3089 636 3131 ne
666 3071 699 3130 in
722 3072 817 3131 bonis
839 3072 1005 3149 superbia-

249 3172 303 3232 tis:
333 3184 365 3233 et
396 3189 455 3248 per
485 3188 601 3230 vanam
632 3171 768 3246 gloriam
801 3180 903 3230 totum
933 3187 1041 3246 per-25

250 3268 337 3329 datis.
368 3268 466 3345 Quod
488 3269 515 3328 si
533 3269 701 3329 humiliter
723 3279 755 3329 et
770 3268 931 3345 patienter
952 3268 1005 3326 ad·

249 3367 410 3427 versarios
442 3375 571 3425 vestros
600 3366 789 3441 sustinetis3
820 3365 911 3425 eritis
934 3366 1004 3424 Deo

250 3464 380 3540 accepti,
402 3473 434 3523 et
449 3463 571 3523 sanctis
587 3462 785 3540 martyribus
805 3462 837 3522 in
853 3463 1004 3540 patiendo

249 3563 448 3622 conformes:
472 3572 569 3638 atque
591 3560 623 3620 in
640 3577 740 3636 regno
763 3560 894 3620 caelesti
911 3562 1004 3621 valde

248 3660 378 3735 gloriosi
415 3669 448 3719 et
482 3658 650 3718 sublimes.
703 3657 841 3733 Oportet
871 3659 1041 3719 omninoao

249 3758 332 3832 quod
355 3756 522 3816 humilitas
536 3756 670 3832 gloriam
688 3756 875 3832 praecedat:
898 3765 930 3816 et
951 3774 1004 3832 pa·

612 3860 635 3901 τι
