2692 4659
357 636 519 689 ww
547 635 711 678 SERMONES
726 636 766 678 Ab
782 635 931 678 NOVICIOS
954 636 1118 690 {cmm

358 778 425 829 toto
448 770 546 830 corde
568 779 634 845 tuo,
657 779 690 830 et
712 786 752 830 ex
773 778 839 830 tota
860 770 967 830 anima
988 779 1058 830 tua:
1085 780 1117 830 et

359 884 399 926 ex
420 875 486 927 tota
509 867 698 928 fortitudine
721 878 784 928 tua.
828 867 994 944 Eruntque
1015 868 1118 928 verba

359 966 440 1025 haec
471 982 554 1042 quae
584 982 644 1042 ego
676 964 840 1041 praecipio
869 964 925 1025 tibi
955 964 1052 1024 hodie
1082 964 1117 1025 in

359 1061 457 1122 corde
479 1071 552 1139 tuo;
580 1072 612 1123 et
633 1062 780 1123 narrabis
809 1078 847 1122 ea
869 1062 945 1123 tiliis
973 1062 1055 1123 tuis:
1085 1071 1118 1122 et

336 1159 569 1221 smeditaberis
591 1161 713 1222 sedens
735 1160 768 1221 in
790 1160 887 1221 domo
909 1170 973 1236 tua,
997 1170 1029 1221 et
1050 1177 1118 1219 am-

358 1258 475 1317 bulans
496 1257 530 1318 in
559 1258 693 1334 itinere,
721 1258 888 1318 dormiens
916 1267 1013 1335 atque
1041 1275 1120 1319 con-

360 1372 508 1432 surgens.
552 1356 590 1417 Et
611 1356 726 1433 ligabis
749 1373 787 1417 ea
815 1357 908 1433 quasi
931 1356 1060 1433 signum
1083 1356 1118 1415 in

360 1470 458 1513 manu
487 1462 559 1529 tua;
589 1464 622 1515 et
651 1454 869 1515 movebuntur
896 1454 981 1515 inter
1002 1455 1119 1514 oculos

359 1560 450 1611 tuos:
472 1551 663 1628 scribesque
685 1568 724 1610 ea
745 1550 778 1611 in
794 1551 906 1612 limine
928 1561 960 1612 et
975 1552 1008 1611 in
1023 1551 1120 1612 ostiis

326 1648 477 1710 rodomus
499 1659 584 1711 tuae.
616 1651 701 1710 Ecce
723 1667 819 1727 quam
842 1659 954 1711 sancta
969 1650 1122 1710 mandata

360 1763 396 1807 ac
425 1746 577 1824 religiosa
608 1747 764 1808 exercitia
794 1747 923 1807 divinae
952 1748 1121 1809 doctrinae

359 1844 524 1921 proposita
545 1855 621 1905 sunt
642 1846 738 1905 nobis
760 1862 819 1922 per
839 1846 997 1922 Moysen:
1019 1845 1119 1907 etiam

360 1942 487 2004 cunctis
510 1943 661 2005 fidelibus
684 1945 779 2022 digne
802 1944 966 2005 imitanda.

272 2050 351 2099 10sue
401 2042 479 2101 Post
502 2042 643 2119 Moysen
673 2052 822 2103 sanctum
851 2042 992 2102 surrexit
1022 2042 1121 2103 losue

327 2138 393 2199 rsin
422 2139 494 2198 loco
523 2140 595 2200 eius
618 2140 724 2201 tidelis
753 2140 903 2200 minister
931 2139 1057 2200 electus
1079 2158 1121 2201 ex

361 2235 509 2296 milibus:
540 2237 592 2297 cui
624 2237 705 2297 dixit
736 2236 908 2297 Dominus.
952 2235 1043 2297 Sicut
1073 2238 1120 2299 fui

361 2350 435 2393 curn
458 2334 594 2411 Moyse:
616 2334 661 2395 ita
683 2351 739 2395 ero
762 2345 793 2395 et
817 2344 935 2395 tecum.
979 2335 1121 2397 Confor-

360 2440 428 2492 tare
448 2441 480 2492 et
501 2441 572 2492 esto
594 2432 748 2492 robustus
765 2433 875 2509 valde3
897 2442 932 2493 ut
954 2434 1121 2494 custodias

361 2539 392 2590 et
415 2529 514 2589 facias
536 2546 667 2588 omnem
691 2531 813 2606 legem,
835 2546 931 2606 quam
954 2532 1121 2608 praecepit

324 2627 417 2688 aotibi
441 2628 578 2704 Moyses
600 2644 717 2687 servus
740 2645 850 2688 meus:
878 2644 940 2687 nec
972 2628 1120 2689 declines

361 2725 400 2784 ab
422 2741 461 2785 ea
482 2725 521 2784 ad
544 2725 709 2785 dexteram
732 2725 784 2785 vel
806 2725 845 2785 ad
867 2725 1043 2787 sinistram.
1080 2728 1120 2788 Et

361 2822 437 2900 quia
459 2823 595 2900 Moyses
624 2823 733 2899 posuit
755 2840 854 2900 super
883 2841 956 2884 eum
985 2842 1118 2886 manum

361 2938 453 2981 suam
476 2920 596 2981 meruit
618 2921 880 2981 benedictionem
904 2921 1065 2999 divinam3
1086 2933 1120 2984 et

362 3019 506 3096 repletus
529 3028 579 3078 est
600 3017 717 3094 spiritu
747 3018 926 3096 sapientiae
948 3036 1031 3097 quae
1053 3038 1120 3081 ma-

325 3117 448 3177 asxime
470 3117 657 3177 necessaria
686 3127 736 3177 est
765 3135 822 3194 pro
852 3118 937 3178 bono
959 3119 1119 3196 regimine

362 3215 395 3276 in
418 3214 549 3276 civitate
564 3225 596 3275 et
611 3214 835 3275 multitudine:
858 3225 890 3275 et
905 3216 1120 3280 oboedierunt

362 3314 391 3374 ei
415 3313 472 3373 filii
496 3314 595 3374 lsrael
617 3313 703 3373 sicut
725 3314 834 3391 Moysi
857 3314 945 3374 iuxta
966 3332 1120 3393 praecep-

362 3422 430 3472 tum
447 3412 589 3473 Domini.
633 3412 724 3471 Haec
747 3413 883 3473 audiens
906 3413 1042 3490 quilibet
1057 3414 1120 3475 fra-

363 3519 412 3569 ter
432 3509 582 3570 novicius
601 3510 654 3569 vel
677 3510 857 3588 professus,
879 3510 975 3571 debet
989 3513 1121 3573 trahere

326 3607 442 3668 mutilo
462 3608 646 3685 exemplum
667 3609 707 3669 ad
729 3625 766 3669 se
786 3608 892 3685 ipsum
915 3608 1120 3671 oboediendo

363 3705 530 3766 humiliter
551 3706 695 3783 praelato
718 3724 778 3766 suo
807 3717 861 3767 aut
883 3706 1004 3767 seniori
1029 3707 1120 3770 fratri

725 3811 751 3852 24
