2692 4659
361 668 522 724 mm
541 667 609 711 vnn
626 667 790 710 irnewrors
805 667 942 711 ursanus
962 669 1119 721 msam

363 802 472 862 culum
504 802 565 862 sibi
597 802 770 863 imminere
799 802 826 862 si
856 820 922 863 non
949 803 1121 878 dormiret;

363 900 467 960 suasit
510 900 539 959 ei
576 900 710 960 obtentu
754 900 869 960 salutis
905 918 946 961 ne
983 902 1119 978 amplius

362 997 471 1074 sopori
516 998 702 1058 resisteret:
744 998 803 1058 sed
845 998 878 1057 in
915 1016 1119 1076 quacumque

363 1094 539 1155 festivitate
575 1094 771 1155 adveniente
799 1112 1009 1172 quocumque
1041 1106 1117 1157 tem·

339 1210 442 1269 spore
457 1192 510 1252 vel
526 1193 606 1251 hora
627 1191 666 1251 ad
682 1191 911 1253 dormiendum
934 1210 972 1253 se
987 1204 1117 1270 aptaret.

364 1290 399 1349 ln
435 1290 573 1367 quadam
610 1289 720 1365 itaque
757 1289 932 1351 festivitate
975 1290 1117 1366 paschali

363 1405 437 1447 cum
467 1388 580 1448 eadem
603 1387 772 1463 temptatio
794 1388 959 1448 submissa
979 1388 1119 1465 graviter

363 1501 434 1543 eam
458 1484 645 1545 infestaret:
672 1484 743 1560 ipsa
765 1502 891 1545 memor
913 1486 975 1546 Dei
999 1486 1118 1547 violen-

363 1581 491 1641 tissime
527 1582 765 1643 somnolentiae
802 1582 992 1659 resistebat,
1035 1585 1120 1645 iuxta

329 1699 353 1739 ro
364 1679 449 1756 quod
477 1679 633 1755 scriptum
665 1689 724 1740 est.
762 1680 916 1740 Resistite
938 1680 1068 1741 diabolo
1090 1693 1119 1742 et

364 1777 464 1853 fugiet
491 1776 633 1836 avobis
671 1778 806 1838 Peracta
837 1777 934 1854 igitur
964 1795 1030 1838 una
1062 1781 1119 1839 hac

362 1874 498 1935 victoria
520 1874 560 1933 de
584 1875 820 1951 somnolentia3
848 1876 892 1935 ita
913 1886 1026 1935 contra
1048 1894 1118 1936 earn

362 1972 519 2033 divinitus
549 1983 599 2033 est
621 1974 786 2049 roborata,
816 1983 849 2033 ut
871 1973 911 2034 de
934 1982 1044 2034 cetero
1068 1993 1119 2034 us·

362 2087 426 2147 que
456 2070 494 2129 ad
518 2079 655 2130 mortem
688 2088 749 2130 nec
779 2071 964 2131 dormierit:
996 2089 1058 2132 nec
1081 2073 1119 2133 de

329 2187 353 2227 rs
362 2168 580 2228 somnolentia
602 2177 756 2243 temptata
778 2168 885 2229 fuerit.
917 2168 1009 2229 Sicut
1031 2170 1118 2230 enim

362 2265 468 2343 angeli
498 2265 601 2326 sancti
625 2265 809 2325 resistendo
838 2266 962 2342 primae
985 2276 1120 2344 tempta·

363 2363 441 2424 tioni
465 2363 648 2439 superbiae,
670 2362 704 2421 in
719 2363 820 2439 gratia
835 2364 1017 2425 confirmati
1033 2378 1121 2442 sunt,

362 2473 394 2522 et
425 2461 669 2521 consentientes
702 2461 742 2520 de
771 2462 860 2521 caelo
892 2463 1047 2539 proiecti3
1079 2464 1121 2524 ita

363 2560 439 2619 huic
455 2559 650 2619 victoriosae
667 2558 783 2636 virgini
800 2561 909 2620 datum
932 2572 982 2621 est
998 2562 1120 2622 donum

326 2657 559 2716 zoinviolabilis
589 2656 788 2716 fortitudinis
810 2657 843 2717 in
865 2658 987 2734 vigiliis
1009 2660 1122 2720 multis

362 2765 394 2815 et
416 2755 448 2814 in
472 2754 574 2830 plagis
596 2771 695 2829 supra
724 2754 855 2814 modum
879 2773 950 2816 eam
974 2757 1121 2834 affligen-

362 2852 464 2912 tibus:
486 2852 605 2928 quibus
633 2852 767 2927 probata
799 2852 859 2912 fuit
890 2854 975 2914 sicut
1004 2873 1120 2916 aurum

362 2950 517 3025 probatur
539 2949 571 3008 in
595 2949 728 3009 fornace
755 2950 890 3011 ardenti.

363 3154 419 3213 DE
443 3153 728 3214 PAVPERTATE
755 3153 804 3214 ET
828 3153 1120 3218 SVSTINENTIA

325 3272 352 3312 25
598 3250 752 3313 PATRIS
775 3252 882 3314 EIVS.

606 3401 812 3450 CAPITVLVM
830 3401 872 3450 XI.

361 3480 549 3697 Ηώς
578 3555 690 3598 sacrae
719 3537 854 3615 virginis
880 3549 972 3615 pater
1003 3542 1122 3603 Petrus

496 3634 650 3695 iohannis
678 3653 776 3712 supra
798 3646 1016 3715 memoratus,
1045 3640 1123 3701 licet

361 3734 399 3792 ad
429 3742 548 3794 tantam
579 3742 801 3810 paupertatem
823 3733 988 3810 venisset,
1018 3746 1054 3797 ut
1076 3738 1122 3797 vi·

719 3839 759 3881 344
