2692 4659
354 680 516 733 mm
534 679 602 722 vnn
619 678 783 722 riorwrors
798 678 937 721 vrnonrrs
954 711 990 731 ,.

393 886 449 945 DE
473 883 652 946 DEVOTO
677 883 841 943 IVVENE
864 882 1077 945 GERARDO
1134 920 1153 959 0

366 981 559 1042 ERErann
583 980 740 1056 FACTO,
763 979 815 1040 ET
839 979 1099 1041 PEREGRINIS
1137 1002 1155 1071 ’ξ

516 1080 609 1140 EVM
633 1076 953 1140 VISITANTIBVS.
1132 1102 1135 1111 ·

600 1246 807 1296 CAPITVLVM
826 1245 869 1295 xl.

332 1344 523 1569 {giht
552 1400 683 1477 quidam
713 1400 843 1460 iuvenis
865 1400 1037 1462 Gerardus
1059 1415 1109 1458 no·
1149 1414 1155 1449 i

483 1497 571 1557 mine
587 1516 627 1557 ex
641 1498 785 1558 dioecesi
799 1496 994 1559 Coloniensi
1006 1498 1110 1556 oriun-
1141 1495 1155 1551 'c

356 1598 434 1657 dus:
450 1596 615 1656 solitariae
630 1596 716 1656 vitae
732 1596 895 1655 desiderio
918 1594 1110 1654 stimulatus.
1143 1612 1153 1648 r

356 1696 419 1755 Hic
442 1695 549 1755 audita
582 1696 667 1755 fama
693 1694 792 1754 huius
814 1704 945 1754 sanctae
967 1693 1111 1769 virginis,

355 1794 523 1871 proposuit
538 1794 577 1853 ad
593 1811 664 1853 eam
681 1793 786 1869 primo
797 1792 911 1852 venire
926 1801 961 1851 ut
977 1791 1006 1850 ei
1024 1807 1111 1867 prae·
1141 1789 1146 1844 ζ

321 1908 433 1952 rosens
455 1901 566 1953 votum
590 1909 686 1951 suurn
710 1899 904 1966 exponeret:
933 1899 1030 1966 atque
1054 1889 1112 1949 iter
1143 1887 1155 1941 i*

354 1991 490 2050 arduum
513 1991 599 2068 quod
626 2005 840 2065 aggressurus
862 1996 932 2048 erat
961 1986 1112 2062 precibus
1137 1984 1155 2040 i

354 2088 426 2148 eius
441 2088 702 2162 commendaret3
713 2097 873 2164 quatenus
889 2084 1000 2145 divina
1013 2083 1114 2161 gratia
1148 2098 1155 2154 ς

354 2187 533 2263 opitulante
564 2185 766 2262 propositum
789 2184 876 2260 quod
906 2193 1015 2243 mente
1038 2199 1113 2241 con·
1139 2180 1155 2272 11

354 2294 500 2361 ceperat:
512 2283 635 2344 salubri
652 2280 898 2358 perseverantia
912 2280 1112 2340 terminaret.
1140 2279 1155 2303 '⁴

319 2382 420 2459 1⁵Qui
444 2383 579 2442 adeam
603 2380 758 2439 veniens:
782 2378 889 2438 cordis
912 2378 963 2437 sui
986 2388 1112 2437 secreta

354 2480 383 2539 ei
407 2478 577 2539 intimavit.
617 2478 673 2538 llla
689 2495 767 2537 vero
790 2476 956 2553 proposito
979 2494 1040 2537 suo
1063 2476 1113 2551 pie

354 2577 574 2653 congaudens
597 2576 789 2652 prophetico
812 2573 928 2650 spiritu
950 2572 1113 2648 praedice-

354 2675 416 2748 bat,
439 2674 525 2750 quod
541 2672 646 2750 primo
666 2673 774 2733 triduo
796 2670 1013 2748 ingressionis
1035 2687 1111 2730 suae

353 2771 386 2830 in
398 2788 546 2830 eremum
562 2771 732 2846 penuriam
749 2778 930 2846 pateretur:
946 2786 983 2827 ac
996 2768 1111 2827 deinde

317 2885 345 2925 20
354 2869 393 2927 ad
404 2868 618 2928 constantiam
632 2885 707 2927 eum
720 2868 914 2926 exhortans:
930 2876 1003 2942 post
1015 2866 1110 2925 linem

354 2966 417 3025 diei
435 2966 560 3040 tertiae,
583 2965 798 3025 relectionem
814 2966 914 3023 aDeo
938 2974 1027 3024 esset
1043 2981 1111 3040 per-

355 3073 519 3139 cepturus.
556 3063 653 3139 Quod
677 3062 808 3139 quidem
839 3063 1047 3137 postmodum
1070 3062 1111 3121 ita

354 3162 499 3220 seriatim
536 3159 680 3236 contigit.
724 3160 807 3219 Nam
844 3159 939 3218 tertia
971 3160 1023 3220 die
1060 3161 1111 3219 ad·

354 3268 606 3335 vesperascente
642 3274 760 3317 manna
796 3258 938 3317 caeleste
971 3258 1111 3334 accepit:

317 3377 344 3417 25
356 3357 426 3416 Deo
449 3356 631 3416 laboriosae
662 3354 798 3414 semitae
828 3354 901 3413 eius
924 3354 1112 3415 miserante.

356 3455 544 3514 Praedictos
566 3462 674 3512 autern
698 3452 759 3512 sibi
777 3469 794 3510 a
809 3451 936 3528 virgine
960 3463 1027 3513 tres
1043 3453 1113 3513 dies

354 3552 397 3612 ita
417 3561 605 3612 constanter
619 3551 760 3627 peregit:
781 3551 868 3626 quod
890 3561 1022 3625 paratus
1045 3562 1113 3611 erat

354 3668 412 3710 eos
443 3662 574 3728 propter
605 3647 858 3724 promissionem
894 3648 984 3708 illius
1016 3650 1112 3709 etiam

354 3765 428 3807 cum
451 3749 596 3824 periculo
612 3748 697 3809 vitae
719 3749 916 3825 persulcare.
950 3748 1028 3809 Post
1045 3767 1114 3809 mu·

712 3854 753 3894 roo
