2692 4659
273 784 399 860 tudine,
421 784 563 861 cognitio
579 786 651 845 sine
666 802 795 861 errore3
817 785 947 847 dilectio
963 786 1035 846 sine

276 882 427 959 fictione,
455 883 607 959 gaudium
637 883 709 943 sine
738 900 902 943 maerore:
930 880 1036 944 honor

275 981 351 1041 sine
374 981 579 1057 confusione,
603 983 674 1042 laus
696 991 728 1042 et
748 981 851 1057 gloria
872 980 944 1041 sine
966 999 1035 1042 ces·

274 1078 412 1139 satione.
457 1079 521 1139 Sed
548 1080 613 1139 heu
642 1081 723 1139 haec
751 1079 836 1138 bona
862 1079 980 1140 desunt
1002 1081 1034 1141 in

273 1176 414 1251 mundo,
439 1175 493 1235 ubi
516 1177 625 1237 omnia
646 1177 805 1254 permixta
826 1188 903 1237 sunt
924 1178 1058 1255 malis35

274 1290 350 1333 nam
367 1291 439 1333 rara
453 1273 557 1334 virtus
572 1275 731 1351 perfecta:
747 1292 819 1334 raro
835 1275 1036 1337 conscientia

274 1373 316 1431 ab
331 1372 420 1431 omni
437 1373 563 1433 macula
578 1390 667 1449 pura.
705 1373 742 1434 Et
757 1372 819 1432 nisi
836 1372 916 1432 assit
934 1374 1035 1449 gratia

274 1469 387 1529 divina
415 1479 447 1530 et
475 1468 614 1545 diligens
643 1469 751 1528 cordis
780 1470 942 1530 custodia:
971 1471 1034 1532 cito

274 1568 454 1645 neglegens
482 1567 566 1628 cadit
597 1567 731 1628 invitia
761 1578 793 1627 et
821 1567 916 1627 solita
942 1569 1034 1628 mala.

274 1665 316 1725 Et
337 1665 425 1725 unde
448 1667 509 1724 hoc
524 1664 667 1726 accidit?
703 1665 790 1741 Quia
811 1683 884 1724 cum
901 1677 1033 1742 peccato
1046 1682 1071 1724 ro

273 1761 342 1822 nati
372 1779 504 1837 sumus,
535 1772 567 1821 et
594 1780 613 1821 a
641 1762 810 1823 iuventute
839 1764 878 1823 ad
901 1764 1034 1825 delicias

273 1860 385 1920 carnis
407 1860 619 1935 inclinamur3
641 1859 749 1935 tepide
766 1862 805 1920 ad
821 1861 958 1921 virtutes
973 1879 1034 1921 nos

273 1958 402 2031 damuS,
424 1956 525 2017 invite
547 1974 565 2016 a
587 1956 727 2032 propriis
751 1959 962 2035 conceptibus
985 1977 1033 2018 re-

273 2054 453 2114 trahimur:
475 2053 568 2114 vanis
588 2053 802 2131 implicamur,
824 2058 930 2116 aliena
944 2075 1033 2116 scru-

273 2164 400 2227 tamur3
422 2152 495 2212 ideo
510 2151 681 2229 proniores
701 2163 776 2212 sunt
796 2171 915 2213 sensus
932 2154 1071 2218 nostrils

274 2250 375 2312 etiam
391 2259 464 2325 post
478 2250 728 2310 conversionem
745 2259 776 2310 et
792 2252 1033 2311 confessionem

274 2357 501 2425 peccatorum,
523 2348 562 2407 ad
584 2359 714 2409 terrena
736 2358 767 2408 et
789 2349 930 2409 visibilia
951 2351 1035 2409 bona

273 2445 338 2505 sibi
368 2454 445 2505 nota
473 2446 597 2506 redire:
628 2463 724 2522 quam
754 2447 793 2506 ad
823 2448 975 2507 caelestia
1003 2458 1035 2507 et

273 2541 456 2603 invisibilia
471 2542 685 2602 desideranda
700 2560 881 2620 assurgere.
913 2544 1034 2606 Gravis

275 2641 372 2700 dolor
394 2649 443 2699 est
465 2656 545 2715 vago
575 2640 698 2700 homini
728 2641 915 2701 abstrahere
945 2660 1070 2703 men-ao

274 2749 343 2798 tem
373 2738 412 2797 ab
442 2736 564 2797 intimis
592 2738 687 2797 bonis
716 2748 849 2798 naturae
878 2757 956 2799 suae
985 2757 1034 2799 as-

274 2835 398 2896 suetis:
428 2834 561 2911 grandis
591 2836 681 2895 labor
711 2836 858 2896 attollere
889 2836 1033 2896 animum

274 2936 315 2995 ad
343 2951 486 3010 superna
515 2943 546 2994 et
574 2944 706 2994 aeterna
734 2935 819 2994 bona
847 2934 1035 2994 abscondita

275 3033 315 3093 ab
338 3031 444 3091 oculis
466 3030 627 3091 humanis.
664 3032 739 3091 Heu
756 3033 819 3091 heu
840 3043 959 3108 quanta
980 3051 1034 3093 an·

275 3131 383 3207 gustia
411 3129 554 3189 animae:
584 3130 729 3189 laborare
752 3140 784 3190 et
810 3140 934 3190 certare
957 3131 1070 3193 coti-as

277 3228 330 3287 die
353 3237 467 3287 contra
488 3244 542 3302 se,
571 3244 629 3303 pro
657 3238 809 3287 aeternae
836 3228 921 3288 vitae
944 3230 1034 3289 retri-

275 3326 420 3385 butione.

317 3422 382 3482 Sed
405 3423 504 3483 latent
526 3422 630 3481 adhuc
653 3432 740 3481 tanta
761 3423 846 3481 bona
867 3433 899 3483 et
919 3441 1033 3500 magna

280 3520 409 3595 merita,
440 3530 472 3579 et
502 3518 627 3579 infinita
648 3519 808 3595 praemia;
837 3536 920 3595 quae
944 3522 1034 3581 Deus

280 3614 514 3691 laborantibus,
541 3616 757 3691 certantibus,
780 3617 981 3692 dolentibus,
1003 3629 1070 3683 etro

280 3711 330 3786 pie
351 3713 589 3775 sustinentibus
611 3714 838 3790 copiosissime
863 3716 976 3775 reddet
999 3716 1030 3775 in

637 3820 675 3859 uo
