2692 4659
575 682 742 736 Epllegomeua.

321 815 430 891 Quem
453 831 528 874 cum
550 815 603 874 vel
625 824 758 891 propter
784 816 944 876 vocabula
964 820 1030 875 tunc

280 896 439 970 temporis,
462 913 537 955 cum
552 894 696 955 Thomas
710 895 766 955 illa
781 896 952 972 scriberet,
972 912 1030 955 non

280 975 400 1035 iamin
423 976 537 1035 Monte
560 975 593 1037 S.
609 975 747 1052 Agnetis
769 976 913 1053 priorem
937 976 1030 1036 fuisse

280 1066 460 1117 statuamus
482 1073 622 1116 necesse
644 1056 687 1116 sit
708 1056 784 1117 inde
799 1059 839 1117 ab
859 1075 946 1118 anno
964 1059 1031 1116 1408

280 1154 338 1213 per
359 1154 463 1197 annos
479 1137 569 1197 XVII
593 1136 715 1215 prioris
730 1155 869 1198 munere
887 1138 932 1198 ibi
949 1138 1030 1198 iunc-

279 1228 347 1276 tum
360 1223 379 1293 ¹,
401 1217 517 1277 Sermo
534 1217 656 1277 XXVII
673 1227 708 1277 ut
730 1227 805 1278 ante
822 1236 946 1279 annum
965 1221 1031 1278 1425

279 1298 480 1373 compositus
501 1297 553 1373 sit,
575 1297 645 1357 lieri
661 1315 728 1357 non
743 1308 868 1375 potest3
890 1301 950 1360 sed
964 1315 1030 1358 cum

276 1380 354 1453 279,
381 1395 458 1437 aaao
490 1376 733 1450 „Theodericus
765 1379 893 1456 Clivis,
924 1379 1030 1440 tertius

278 1464 397 1518 domus
407 1468 538 1518 nostrae
549 1459 668 1535 prior“,
682 1470 969 1536 commemoretur,
982 1458 1030 1536 qui

279 1555 455 1598 successor
468 1539 635 1599 Wilhelmi
658 1540 829 1601 Vorniken
852 1558 939 1601 anno
964 1541 1030 1600 1447

278 1619 422 1695 prioratu
445 1636 482 1679 se
504 1620 666 1680 abdicavit
676 1625 697 1695 ²,
719 1620 929 1697 incendium,
952 1619 1030 1698 quod

279 1699 419 1761 feliciter
441 1700 619 1761 extinctum
643 1717 719 1760 esse
741 1701 775 1761 in
798 1702 855 1761 illo
878 1701 1030 1762 Sermone

281 1780 400 1856 fertur,
424 1780 508 1841 intra
529 1784 633 1842 annos
658 1784 855 1842 1425-1447
877 1782 1030 1842 accidisse

278 1877 417 1921 necesse
433 1872 492 1921 est.
522 1862 569 1921 Ex
584 1861 704 1938 quibus
719 1862 873 1923 omnibus
889 1863 1030 1940 sequitur

278 1941 505 2001 collectionem
535 1941 749 2018 Sermonum,
777 1944 892 2019 quales
922 1944 955 2003 in
982 1942 1026 2003 Al

277 2022 412 2082 traditos
433 2022 603 2098 habemus,
624 2033 700 2083 ante
721 2040 843 2083 annum
870 2027 947 2083 1425
968 2022 1030 2083 liui-

278 2114 342 2162 tam
366 2120 528 2163 essenon
551 2120 650 2179 posse
661 2108 681 2164 ³.

318 2183 413 2260 Quae
445 2194 545 2244 restat
574 2183 722 2260 quaestio
753 2182 913 2260 temporis
943 2184 1027 2244 Vitae

279 2263 451 2341 Lidewigis
466 2265 617 2340 scriptae,
638 2281 677 2323 ea
693 2274 727 2324 ut
741 2264 886 2325 breviter
903 2261 1027 2339 deiungi

278 2344 461 2420 possimus,
483 2362 522 2405 eo
546 2344 596 2420 lit,
618 2345 705 2421 quod
727 2349 796 2421 453,
822 2362 853 2403 12.
867 2362 892 2403 ra
914 2343 1028 2405 mentio

278 2425 416 2484 habetur
438 2426 514 2485 anni
534 2429 619 2501 1448,
642 2436 716 2485 ante
732 2443 828 2502 quem
846 2426 901 2486 illa
917 2425 1027 2501 scripta

277 2522 352 2564 esse
375 2517 463 2567 certe
485 2524 550 2566 non
573 2514 689 2581 potest.

557 2690 581 2737 5.
599 2687 753 2738 AVCTOR.

317 2806 474 2867 Thomam
491 2824 509 2865 a
525 2807 662 2882 Kempis
684 2818 851 2867 auctorem
870 2824 947 2866 esse
963 2806 1026 2866 Ser·

278 2905 411 2948 monum
449 2887 488 2946 ad
525 2887 674 2947 novicios
705 2888 873 2964 regulares
909 2888 942 2947 hi
972 2882 1027 2945 loci

276 2979 379 3029 testes
401 2978 493 3028 sunt:

317 3049 388 3108 Hae
411 3047 670 3123 subscriptiones
686 3047 787 3107 minio
804 3047 946 3123 scriptae
964 3051 1028 3122 post

275 3132 345 3204 311,
366 3146 390 3185 21
414 3129 513 3188 huius
536 3128 707 3188 editionis:
1015 3204 1016 3210 ἵ

315 3209 345 3284 a)
368 3209 401 3268 in
416 3209 469 3267 Nl
489 3209 543 3269 iol.
558 3212 629 3269 79V:
648 3208 835 3283 Expliciunt
848 3222 1004 3268 sermones
1023 3200 1025 3270 l

275 3290 318 3349 od
340 3289 485 3349 nouicios
500 3289 615 3365 fratris
630 3290 686 3349 tho
701 3295 712 3362 ll
728 3305 778 3348 me
798 3289 838 3348 de
857 3289 979 3363 kempis
998 3286 1025 3345 in

316 3508 325 3534 ¹
340 3506 390 3549 CIr.
407 3507 515 3549 Chronic.
531 3507 601 3550 biom.
618 3507 643 3550 S.
658 3509 736 3561 Agnet.
752 3521 801 3561 cap.
816 3518 851 3550 xll
871 3521 893 3562 p.
908 3509 943 3551 34.
970 3507 1026 3549 nano

275 3561 327 3602 1425
341 3563 404 3614 prior
418 3561 612 3604 WIndesemensls
631 3563 716 3605 electus
732 3571 779 3614 est;
799 3562 840 3604 clr.
857 3563 912 3604 ibid.
928 3575 975 3615 cap.
989 3563 1025 3601 11111

275 3628 297 3667 p.
313 3614 395 3710 {ZIbid
411 3681 459 3721 cap.
476 3679 528 3711 xxv
543 3681 565 3721 p.
582 3670 628 3712 100.
982 3722 987 3732 Ι

275 3721 389 3817 θηξνξὲπ.
409 3722 503 3765 Hirscbe
524 3723 544 3765 11
566 3723 621 3777 279,
643 3725 681 3776 qui
705 3724 727 3764 in
749 3735 860 3766 annorum
882 3724 1025 3776 designatione

634 3856 676 3896 480
