2692 4659
222 816 319 890 dent3
342 824 373 874 et
396 831 473 890 prae
495 814 615 874 amoris
631 815 854 891 magnitudine
877 826 908 875 et
931 817 983 876 de·

221 913 368 974 votionis
404 911 596 987 dulcedine,
632 914 810 989 cantando,
853 914 985 989 orando,

224 1012 431 1086 meditando,
459 1020 492 1071 et
513 1028 605 1070 sacra
627 1011 800 1071 sollemnia
826 1021 879 1071 tua
901 1012 984 1071 cele-

223 1110 349 1169 brando
371 1120 539 1185 nequeunt
562 1110 703 1185 fatigari:
725 1110 813 1169 iuxta
834 1109 914 1170 illud
936 1127 985 1169 sa-

225 1207 369 1283 pientiae
391 1207 537 1267 verbum.
581 1206 646 1283 Qui
677 1207 777 1267 edunt
805 1224 858 1266 me
880 1208 1008 1268 adhucs

226 1305 392 1365 esurient:
415 1314 446 1363 et
468 1304 523 1381 qui
546 1304 660 1363 bibunt
675 1322 728 1363 me
743 1305 849 1365 adhuc
864 1305 985 1365 sitient.

227 1404 313 1462 Laus
336 1411 368 1461 et
389 1402 492 1478 gloria
513 1402 671 1462 altissimo
695 1403 783 1463 Deo:
810 1403 864 1479 qui
887 1403 986 1480 maxi-

228 1517 312 1559 mam
334 1499 469 1576 gratiam
492 1500 548 1559 tibi
572 1501 732 1576 praestitit
755 1502 894 1562 olllaria
909 1520 986 1579 prae

230 1597 357 1657 liliabus
372 1598 542 1659 hominum
565 1600 598 1659 in
615 1602 755 1676 mund03
778 1610 810 1660 et
827 1618 914 1660 nunc
937 1618 986 1661 se·

232 1696 300 1756 dem
324 1705 413 1756 tuam
436 1697 548 1756 statuit
570 1697 659 1757 iuxta
680 1700 834 1758 thronum
858 1698 915 1758 lilii
940 1698 985 1758 tui
999 1713 1024 1754 ro

234 1792 261 1852 in
293 1794 427 1853 caelesti
459 1811 576 1870 regno,
611 1795 644 1854 in
677 1795 884 1856 eminentiori
916 1796 987 1855 loco

237 1906 329 1966 super
351 1907 467 1951 omnes
490 1894 609 1951 choros
630 1893 820 1969 angelorum
843 1903 875 1953 et
896 1911 987 1954 sanc-

238 1995 347 2064 torum,
369 1988 408 2047 ab
431 1998 562 2049 aeterno
585 1989 642 2050 tibi
662 1991 883 2066 pulcherrime
898 2009 988 2067 prae-

241 2094 356 2155 parato:
379 2087 465 2146 etin
487 2097 681 2163 perpetuum
705 2088 896 2149 felicissime
917 2107 988 2165 per·

243 2196 395 2243 mansuro.
1000 2204 1025 2244 15

275 2278 301 2340 0
324 2298 454 2341 summe
476 2284 673 2345 venerabilis
698 2284 788 2361 virgo
811 2284 915 2345 Maria
937 2302 988 2345 ae·

245 2378 314 2437 terni
338 2379 437 2456 Regis
460 2390 616 2443 meteret
646 2382 727 2457 lilia3
756 2381 902 2442 omnium
932 2399 988 2442 ore

245 2469 470 2552 benedicenda,
502 2479 589 2538 omni
626 2481 752 2539 honore
787 2479 988 2538 veneranda:

247 2569 416 2648 virginitate
438 2576 686 2653 candidissima,
713 2576 895 2636 humilitate
917 2593 989 2652 pro-

248 2761 281 2823 lia
307 2769 497 2845 mitissima,
527 2771 752 2832 misericordia
782 2771 989 2847 plenissima3

249 2866 378 2927 oratione
401 2867 629 2945 devotissima,
654 2869 863 2929 meditatione
885 2868 990 2943 puris-

249 2956 325 3040 sima,
347 2966 620 3041 contemplatione
642 2967 815 3027 altissima:
845 2982 990 3041 compas-

250 3054 326 3120 sione
344 3062 550 3139 suavissima,
573 3065 711 3125 consilio
726 3063 990 3141 prudentissima,

250 3155 352 3226 auxilio
375 3159 610 3234 potentissima.
646 3161 694 3221 Tu
717 3163 790 3221 aula
806 3161 878 3235 Dei,
899 3170 1027 3237 porrazs

200 2125 209 2656 ὶ

194 2726 200 2735 ,
249 2662 437 2747 fundissima
453 2673 585 2734 caritate
601 2674 853 2748 ferventissima,
867 2673 1025 2749 patien-ao

191 2907 201 2946 ll

193 2669 214 3244 Εἱ

191 3282 205 3337 ἰ,
251 3252 325 3328 caeli,
346 3255 516 3330 paradisus
546 3258 753 3333 deliciarum,
782 3266 900 3334 puteus
921 3274 990 3333 gra-

192 3379 206 3424 l

193 3427 206 3436 ..
252 3343 368 3428 tiorum3
389 3355 578 3430 angelorum
601 3355 713 3432 gloria,
735 3355 904 3415 hominum
928 3356 990 3414 lae-

191 3494 207 3534 m
254 3440 321 3523 titia‚
349 3449 453 3510 forma
474 3469 618 3529 morum,
649 3453 804 3513 virtutum
828 3453 992 3528 splendor,

191 3576 209 3631 ᾗ,
255 3537 369 3606 lucerna
389 3548 490 3609 vitae:
519 3567 596 3625 spes
618 3567 806 3627 egenorum,
833 3551 921 3610 salus
944 3550 991 3610 in-

196 3671 210 3729 p
258 3632 420 3722 firmomm,
450 3656 554 3707 mater
575 3650 805 3724 orphanorum.
848 3648 1027 3724 Ovirgoso

191 3790 211 3828 u·
259 3731 397 3811 virginum
420 3753 485 3804 tota
504 3745 615 3805 suavis
637 3757 669 3805 et
686 3746 843 3806 lormosa:
866 3746 991 3805 micans

593 3851 634 3893 aas
