2692 4659
264 708 1028 763 &mmmmm

268 843 381 904 docuit
412 843 475 903 hoc
506 842 758 902 saluberrimum
788 842 862 901 fidei
892 842 1028 902 verbum

268 941 309 1002 de
332 948 538 1001 sacramento
561 941 710 1016 corporis
727 940 778 999 sui
795 939 930 1000 dicebat.
963 941 1029 1017 Qui

270 1041 445 1101 manducat
473 1057 526 1099 me
548 1049 580 1099 et
602 1039 674 1113 ipse
696 1038 785 1098 vivet
806 1049 939 1115 propter
960 1057 1029 1100 me:

269 1137 397 1198 scilicet
411 1137 463 1197 vel
480 1136 693 1213 spiritualiter
707 1145 842 1211 tantum,
864 1138 916 1196 vel
933 1138 1029 1197 etiam

271 1235 552 1297 sacramentaliter
578 1245 611 1294 et
633 1234 846 1310 spiritualiter
867 1252 919 1294 me
942 1248 1053 1294 man-5

271 1335 439 1409 ducand0;
469 1343 524 1393 aut
553 1341 641 1392 certe
671 1350 759 1392 nunc
787 1332 875 1392 vivet
904 1333 937 1391 in
966 1333 1031 1392 vita

269 1433 404 1509 gratiae,
427 1441 459 1490 et
480 1430 514 1490 in
538 1430 647 1490 futuro
670 1430 703 1489 in
718 1430 784 1489 vita
799 1439 950 1489 aeternae
965 1432 1031 1507 glo·

269 1531 337 1591 riae
368 1546 499 1589 mecum
529 1528 712 1604 regnando:
740 1528 802 1586 hoc
830 1527 917 1587 enim
940 1546 1032 1589 sacra

265 1625 525 1689 communicatio
552 1626 700 1701 corporis
723 1636 754 1685 et
776 1626 944 1702 sanguinis
967 1627 1030 1686 mei

264 1726 443 1804 significat.
476 1724 571 1800 Quae
594 1723 701 1783 fidelis
723 1724 898 1799 promissio
920 1725 953 1783 in
971 1726 1031 1784 hac
1043 1736 1067 1776 1⁰

261 1823 400 1901 virgine
413 1822 634 1883 indubitanter
644 1822 806 1898 completa
817 1831 880 1882 est:
897 1822 1031 1884 Christo

260 1920 433 1984 mirabilia
448 1937 508 1979 sua
522 1919 555 1978 in
571 1936 609 1978 ea
619 1919 856 1995 benignissime
867 1929 1032 1996 operante.

260 2020 356 2082 Nam
380 2035 455 2077 cum
478 2017 615 2093 primam
639 2016 709 2076 fere
730 2017 936 2077 medietatem
953 2028 1032 2078 tem·
1090 2026 1093 2031 ’

259 2117 362 2195 poris
385 2113 625 2190 aegritudinum
648 2131 797 2189 suarum,
820 2132 917 2190 parco
939 2115 1032 2173 valde

260 2228 300 2278 et
324 2213 573 2290 superhumano
595 2221 743 2271 uteretur
765 2212 918 2271 alimento
938 2221 1033 2288 prout
1044 2227 1069 2267 15

260 2314 300 2376 in
335 2311 442 2389 prima
469 2319 559 2386 parte
586 2310 685 2369 huius
708 2309 780 2369 libri
804 2311 958 2385 habetur3
986 2310 1034 2369 in·

260 2426 374 2487 super
394 2419 515 2468 etcum
532 2424 590 2483 per
605 2406 768 2483 reliquum
785 2416 888 2466 totum
904 2417 1034 2483 tempus

261 2510 359 2570 vitae
383 2523 462 2566 suae
484 2507 610 2566 nullum
631 2505 763 2581 penitus
779 2505 887 2564 cibum
903 2523 965 2565 nec
980 2524 1035 2583 po·

263 2616 342 2668 tum
373 2612 535 2664 sumeret:
567 2620 633 2662 non
663 2612 772 2662 tamen
801 2612 926 2678 poterat
955 2605 1035 2663 haec

264 2712 388 2765 sancta
410 2701 530 2761 famula
553 2700 626 2775 Dei,
650 2701 689 2759 ab
713 2701 775 2759 hoc
797 2700 886 2764 vitali
909 2701 981 2760 cibo
1004 2710 1071 2761 etao

266 2800 407 2863 vivifico
424 2798 571 2874 corporis
583 2798 710 2859 Christi
726 2806 931 2857 'sacramento
947 2797 1036 2873 peni·

266 2909 327 2960 tus
350 2896 526 2957 abstinere.
558 2896 642 2955 Nam
665 2905 824 2971 quantum
847 2912 905 2971 per
925 2911 1037 2971 corpo-

268 2998 361 3057 rales
390 2978 597 3053 infirmitates
626 2992 799 3052 deficiebat
828 2992 861 3051 in
891 3010 1037 3068 corpore,

270 3106 306 3156 et
343 3091 546 3167 corporalem
585 3090 694 3150 cibum
732 3090 841 3149 minus
873 3092 1038 3168 sumebat3

270 3201 402 3253 tantum
440 3188 641 3249 desiderium
681 3188 833 3247 caelestis
869 3198 901 3247 et
936 3189 1074 3249 divinizs

271 3289 371 3367 panis
393 3288 427 3347 in
445 3304 483 3347 ea
499 3285 683 3345 crescebat:
706 3296 803 3363 atque
814 3286 982 3347 mediante
999 3303 1038 3346 eo

273 3387 310 3448 in
340 3384 457 3461 spiritu
487 3382 747 3458 conlortabatur‚
776 3391 807 3441 et
836 3383 1038 3459 spiritualius

274 3485 366 3545 intus
388 3481 528 3542 vivebat.
557 3481 652 3541 Vnde
675 3481 707 3540 in
724 3480 885 3557 principio
901 3482 1039 3558 aegritu·

277 3583 392 3643 dinum
421 3597 555 3640 suarum
578 3596 637 3655 per
659 3589 727 3638 tres
749 3589 804 3638 aut
826 3590 964 3655 quatuor
985 3598 1039 3639 an-

278 3698 350 3756 noS,
372 3679 476 3739 semel
495 3676 529 3736 in
545 3692 630 3735 anno
646 3674 679 3733 in
697 3675 780 3735 festo
797 3677 938 3750 paschae
954 3693 1076 3736 com-ao

281 3780 447 3840 manicare
469 3777 610 3838 solebat:
633 3786 747 3852 postea
766 3794 846 3836 vero
863 3774 1039 3850 incipiente

638 3881 678 3922 427
