2692 4659
210 555 272 615 DE
289 553 504 632 QVATVOR
528 550 890 616 CONDICIONIBVS
913 550 973 610 AD

242 650 630 715 AEDIFICATIONEM
654 650 706 711 ET
729 649 947 711 DECOREM

278 750 437 813 DOMVS
460 750 532 811 DEI
557 747 917 809 PERTINENTIBVS.

491 899 610 949 SERMO
628 898 703 947 XXX.

221 976 443 1198 ffiomum
476 1041 565 1096 tuom
586 1035 722 1095 Domine
749 1034 840 1094 decet
858 1033 999 1094 sancti-5

346 1135 444 1194 todo:
473 1134 506 1194 in
529 1132 730 1208 longitudine
750 1132 882 1191 dierum.
922 1132 976 1191 Di-

229 1230 294 1291 lecti
325 1233 442 1293 fratres
470 1231 543 1291 sitis
565 1228 794 1305 circumspecti
817 1238 849 1288 et
871 1238 978 1289 custo·

232 1327 279 1387 diti
306 1328 339 1389 in
368 1330 457 1389 omni
487 1331 559 1390 loco
587 1338 618 1389 et
645 1338 808 1403 tempore3
837 1327 977 1386 maxime

192 1445 193 1458 ¹
235 1436 328 1487 tutem
365 1428 398 1487 in
429 1427 570 1488 ecclesia
605 1427 637 1486 in
670 1427 770 1485 choro
806 1435 837 1484 et
868 1424 901 1484 in
933 1424 978 1483 di-

237 1523 299 1584 vino
328 1525 453 1585 officio:
481 1525 534 1584 ubi
557 1542 576 1583 a
597 1523 709 1583 multis
737 1522 874 1599 potestis
903 1532 1015 1581 con-10

238 1618 368 1683 siderari.
386 1624 455 1683 Vos
470 1622 550 1682 estis
565 1621 723 1697 templum
736 1619 808 1693 Dei,
823 1636 882 1679 vos
898 1619 978 1678 estis

191 1760 193 1769 ,
240 1715 339 1780 domus
362 1721 442 1780 Dei:
464 1738 524 1780 vos
552 1720 651 1796 elegit
673 1720 766 1779 Deus
795 1718 827 1777 in
851 1717 978 1777 heredi-

191 1857 194 1867 .
241 1820 320 1877 tatem
344 1817 406 1877 sibi
429 1817 548 1894 quibus
570 1816 721 1894 promisit
743 1816 819 1875 dare
841 1832 977 1891 regnum

243 1906 299 1973 Dei.
339 1917 458 1976 Notate
491 1933 568 1992 ergo
599 1914 810 1975 condiciones
841 1921 979 1988 quatuor

243 2008 438 2074 addecorem
468 2014 585 2073 domus
608 2012 667 2072 Dei
698 2010 916 2087 pertinentes:
948 2019 1015 2068 etrs

191 2151 195 2162 ·
244 2105 274 2164 ed
298 2111 497 2172 sanctitatem
527 2127 624 2170 verae
660 2108 828 2186 religionis
864 2108 980 2183 perdu-

192 2248 196 2258 .
244 2214 346 2269 centes.
375 2207 495 2270 Omnis
510 2208 595 2267 bona
609 2208 727 2267 domus
742 2206 837 2266 debet
859 2206 980 2265 habere

191 2333 195 2372 :
246 2296 472 2367 tundamentum
505 2306 652 2366 firmum:
683 2304 824 2381 parietes
856 2313 980 2379 rect0s3

192 2443 196 2454 .
247 2393 387 2464 fenestras
409 2404 530 2464 claras:
553 2414 585 2464 et
606 2413 727 2463 tectum
749 2402 922 2477 integrum.

191 2556 196 2569 ,
277 2497 376 2562 Primo
408 2502 505 2563 debet
536 2503 653 2562 domus
688 2500 815 2560 animae
850 2509 981 2559 nostrae
1001 2512 1085 2564 fanan-

191 2626 196 2666 ς
247 2588 346 2660 hahere
374 2600 621 2660 fundamentum
651 2600 831 2675 profundae
853 2597 982 2657 humili·
998 2578 1094 2679 ”affl

191 2724 196 2731 ·
248 2692 318 2756 tatis:
328 2714 370 2758 ne
381 2706 484 2765 totum
496 2697 681 2757 aedificium
693 2697 784 2756 cadat
794 2696 833 2755 ab
844 2697 908 2755 alto
920 2696 983 2755 ela-

191 2822 196 2862 3
249 2782 326 2854 tionis
340 2795 373 2855 in
389 2796 575 2856 barathrum
592 2803 744 2854 aeternae
757 2792 983 2854 damnationis.

250 2877 352 2952 ldcirco
383 2893 476 2952 multi
508 2892 697 2953 ceciderunt
728 2891 768 2951 de
797 2900 880 2951 statu
910 2889 1005 2949 reli-⁴

250 2978 334 3052 tionis
359 2990 393 3050 in
415 2990 522 3050 varias
552 2989 782 3066 temptationes
812 2988 929 3049 diaboli
952 2998 1019 3048 etzs

251 3076 310 3143 Vitia
338 3088 464 3164 carnis3
495 3088 571 3164 quia
601 3104 667 3147 non
704 3088 887 3148 habuerunt
922 3103 983 3145 nec

191 3215 196 3255 3
252 3182 390 3247 steterunt
425 3203 526 3262 super
561 3185 691 3245 firmum
735 3185 982 3245 fundamentum

191 3313 196 3354 ᾗ
252 3284 329 3341 verae
349 3283 558 3345 humilitatis:
581 3301 664 3360 quae
687 3283 853 3343 hominem
876 3293 984 3344 custo·

191 3426 195 3436 .
254 3365 288 3429 dit
304 3379 338 3437 ab
358 3380 541 3442 innumeris
564 3380 682 3441 diaboli
705 3380 834 3441 insidiis
856 3392 888 3443 et
903 3382 984 3442 casi-

255 3462 309 3532 bus.
336 3476 422 3539 Felix
443 3479 552 3539 anima
573 3495 656 3555 quae
680 3480 838 3539 honorem
861 3489 1020 3556 tempo-³0

587 3582 627 3625 rm
