2692 4659
229 826 276 886 ita
298 836 375 886 sunt
396 827 541 903 praemia
563 828 703 887 maxima
725 828 758 887 in
781 828 912 888 dextera
931 827 992 887 Dei

228 924 353 1000 posita:
382 942 441 1001 pro
463 926 565 985 multa
586 925 742 1001 patientia
770 925 915 985 omnium
939 924 993 985 tri-

229 1023 434 1083 bulationum
456 1023 551 1084 vobis
577 1023 787 1083 restituenda.
830 1022 993 1083 Animetis

230 1138 310 1198 ergo
331 1139 392 1182 vos
414 1122 453 1181 ad
475 1120 586 1181 omnia
608 1121 760 1181 ferenda:
790 1132 823 1181 et
851 1140 916 1181 non
938 1122 992 1181 ab·

230 1219 337 1279 iciatis
360 1236 461 1279 onera
475 1220 514 1279 ad
530 1220 748 1295 promerenda
768 1219 886 1295 gaudia
907 1236 1015 1279 sem-s

231 1317 369 1394 piterna.

273 1414 302 1474 Α
333 1414 559 1490 superioribus
597 1431 738 1490 namque
774 1425 902 1490 oportet
932 1434 991 1475 vos

235 1513 424 1589 Frequenter
444 1512 609 1572 sustinere
625 1512 850 1588 correptiones
864 1530 922 1588 pro
938 1531 992 1573 ex-

235 1610 383 1670 cessibus
418 1609 555 1670 vestris:
591 1610 666 1686 quia
702 1610 821 1670 melius
858 1622 907 1671 est
938 1612 991 1670 hic

237 1727 330 1786 quam
353 1708 385 1768 in
409 1709 519 1774 futuro
547 1709 688 1786 purgari.
731 1709 849 1769 Sedet
878 1726 990 1769 eorum
1002 1727 1027 1767 ro

240 1808 388 1868 oboedire
410 1806 593 1884 praeceptis
615 1817 748 1883 propter
771 1808 876 1866 Deum
900 1807 991 1867 tutis·

241 1904 354 1964 simum
376 1915 443 1965 est:
465 1905 493 1964 si
515 1905 615 1966 vultis
638 1923 712 1965 cum
735 1905 849 1965 electis
873 1906 991 1965 felicis-

243 2002 319 2062 sime
340 2003 499 2063 coronari.
531 2002 706 2063 Subiciatis
728 2020 805 2079 ergo
820 2020 880 2061 vos
896 2019 991 2078 spon-

246 2108 330 2159 tanee
352 2116 465 2160 eorum
488 2099 626 2175 dicioni3
657 2110 692 2160 ut
714 2100 832 2160 ducant
853 2118 913 2160 vos
944 2110 992 2159 tu-

247 2196 310 2257 tiori
325 2198 377 2258 via
393 2207 425 2258 et
440 2197 583 2257 breviori
598 2197 703 2273 spatio
718 2198 804 2257 inter
818 2209 863 2258 tot
879 2199 992 2258 hostes
1003 2218 1028 2257 15

249 2304 275 2353 et
291 2296 447 2371 pericula:
468 2294 508 2354 ad
530 2304 658 2371 portum
675 2295 789 2355 salutis
812 2297 883 2356 sine
906 2314 992 2356 mur-

252 2408 332 2452 mure
352 2403 384 2453 et
406 2393 540 2453 sinistra
562 2394 668 2471 aliqua
690 2395 888 2471 suspicione.

282 2488 326 2549 Ab
347 2490 560 2551 inferioribus
589 2501 716 2568 oportet
740 2510 799 2552 vos
828 2492 992 2552 sustinere

250 2602 348 2648 eorum
371 2589 638 2665 imperfectiones
657 2600 722 2650 tarn
745 2607 872 2649 morum
895 2607 990 2665 quarn

250 2699 407 2761 corporum
444 2688 531 2764 quod
567 2698 617 2748 est
652 2706 734 2765 opus
770 2688 918 2765 pietatis3
961 2699 1027 2748 et20

249 2786 427 2864 quandoque
439 2786 536 2846 etiarn
548 2786 719 2846 irrisiones
730 2786 884 2845 sufferre:
905 2786 990 2862 quod

250 2892 290 2941 est
308 2884 568 2959 mansuetudinis
589 2884 728 2960 insigne.

280 2977 305 3038 Α
325 2981 446 3041 dextris
467 2991 594 3056 oportet
615 2999 675 3040 vos
698 2992 791 3042 caute
813 2982 991 3056 attendere,

250 3089 283 3134 ne
301 3095 355 3153 per
376 3078 580 3138 adulationes
602 3089 635 3138 et
656 3096 757 3138 vanas
785 3080 990 3138 commenda-

251 3171 341 3236 tiones
364 3176 586 3251 seducamini3
615 3194 656 3236 ne
680 3188 811 3237 sanctos
833 3187 865 3236 et
886 3177 1026 3237 iustosas

250 3285 296 3331 vos
315 3273 510 3334 aestimetis:
538 3283 593 3333 aut
621 3291 722 3350 super
750 3274 782 3333 id
805 3274 890 3350 quod
914 3274 990 3334 dici-

250 3376 289 3428 tur
316 3390 371 3432 cor
401 3370 548 3431 elevetis.
598 3370 728 3431 Nocent
758 3389 857 3448 saepe
887 3388 990 3431 vanae

250 3464 361 3546 laudes3
377 3471 493 3531 fallunt
508 3469 615 3529 dulcia
625 3472 725 3530 verba
740 3471 867 3530 animos
882 3472 989 3530 leves:

248 3563 319 3628 sicut
338 3585 460 3644 auceps
489 3567 597 3627 fistula
624 3568 764 3628 dulciter
792 3585 913 3628 canens
935 3569 989 3628 de-

246 3661 311 3739 cipit
338 3675 369 3725 et
397 3664 511 3742 arripit
539 3684 627 3727 aves
671 3668 755 3742 Ergo
785 3666 913 3726 laudem
936 3668 1025 3726 velao

244 3759 389 3823 honorem
421 3764 460 3823 ab
492 3764 681 3823 hominibus
716 3781 783 3823 non
813 3764 988 3841 quaeratis

597 3869 624 3909 ra
