2692 4659
364 694 526 747 mm
546 694 612 737 VITA
628 691 793 737 LIDEWIGIS
808 693 948 737 VIRGINIS
965 694 1117 748 &ww

366 838 613 904 superponeret.
637 827 791 905 Cumque
802 828 977 889 confessor
987 828 1116 889 interro-

365 936 485 1003 gasset,
501 928 664 1004 quomodo
675 936 787 1002 posset
802 927 977 987 ecclesiam
994 926 1117 999 intrare,

365 1042 439 1084 cum
456 1025 596 1085 necdum
609 1025 680 1085 dies
696 1033 794 1099 esset,
810 1034 842 1085 et
857 1024 1001 1085 ecclesia
1016 1026 1118 1085 clausa

366 1122 466 1183 foret:
488 1123 543 1182 illa
564 1123 593 1183 ei
610 1123 787 1200 respondit.
818 1123 894 1185 Cito
910 1124 1037 1184 vadens
1052 1132 1117 1199 pete

342 1220 422 1280 stibi
435 1221 599 1282 asacrista
614 1222 788 1282 ecclesiam
804 1221 941 1298 aperiri:
953 1221 1032 1299 quia
1045 1232 1117 1282 tem·

368 1335 429 1394 pus
445 1318 543 1379 instat
553 1337 618 1395 quo
629 1328 753 1379 sertum
770 1319 856 1380 istud
868 1329 998 1394 oportet
1008 1318 1115 1380 referri

366 1415 736 1493 undeilludegodetuli.
756 1416 923 1479 Tunciile.
948 1418 1115 1496 Quomodo

366 1524 489 1577 sertum
506 1514 601 1590 capiti
619 1515 770 1592 imaginis
785 1532 1026 1591 superponam3
1041 1531 1116 1593 quae

365 1613 398 1672 in
409 1623 473 1673 tam
490 1614 553 1673 alto
569 1614 641 1673 ioco
657 1614 719 1674 sita
731 1615 807 1675 est?
830 1615 1013 1690 Respondit
1024 1615 1116 1690 virgo.

330 1727 355 1769 io
366 1711 400 1770 In
418 1710 531 1770 maiori
555 1713 655 1771 choro
672 1721 704 1772 et
720 1712 752 1771 in
768 1712 824 1771 illo
844 1713 916 1772 loco
937 1713 1060 1773 scalam
1075 1712 1116 1771 in·

365 1805 496 1865 venies:
512 1824 608 1883 quam
631 1824 808 1867 assumens
830 1810 985 1886 ascende,
1008 1820 1041 1871 et
1055 1827 1116 1869 ser·

364 1913 432 1964 tum
449 1902 544 1979 capiti
561 1901 713 1978 imaginis
728 1903 840 1963 beatae
852 1903 990 1981 virginis
1011 1922 1117 1982 super·

364 2019 459 2078 pone.
490 2000 580 2060 Tunc
597 1999 652 2059 ille
674 2000 727 2060 tali
751 2011 883 2076 accepto
900 2002 995 2078 signo
1016 2020 1116 2080 egres-

364 2118 439 2160 sus:
455 2097 586 2175 rogabat
602 2098 771 2157 custodem
788 2107 823 2158 ut
834 2098 898 2159 cito
914 2110 1074 2177 surgeret,
1088 2111 1117 2160 et

331 2199 538 2259 isecclesiam
568 2196 719 2272 aperiret.
752 2197 849 2273 Quod
878 2215 952 2257 cum
983 2199 1118 2259 libenter

366 2297 515 2372 iecisset3
537 2295 709 2356 confessor
719 2295 854 2372 virginis
870 2296 1038 2359 inventam
1054 2316 1117 2359 sca·

364 2399 427 2458 lam
444 2399 477 2457 in
494 2398 565 2457 loco
582 2413 680 2473 quem
698 2394 727 2454 ei
745 2394 960 2456 indicaverat:
983 2398 1022 2457 ad
1046 2397 1116 2457 ima-

363 2497 471 2572 ginem
502 2511 614 2555 secum
643 2493 789 2569 portabat
810 2503 842 2553 et
863 2495 1021 2556 ascendit.
1058 2493 1116 2556 Cui

365 2606 485 2655 custos.
509 2595 596 2671 Quid
614 2594 655 2653 ibi
669 2595 767 2655 vultis
784 2593 919 2652 iacere?
943 2592 1118 2669 Respondit

327 2694 528 2753 aosacerdos.
551 2692 648 2768 Quod
665 2710 726 2768 ego
743 2692 826 2751 facio
838 2708 903 2750 non
914 2701 1010 2766 potes
1026 2690 1115 2750 modo

364 2790 467 2849 scire:
503 2790 561 2849 sed
598 2790 759 2849 Dominus
796 2788 882 2849 dabit
912 2789 1001 2864 quod
1038 2797 1117 2864 post·

365 2888 495 2947 modum
508 2887 604 2946 scies,
628 2887 735 2963 Quam
749 2886 999 2963 responsionem
1012 2897 1116 2946 custos

365 2984 454 3060 parvi
467 2985 630 3060 pendens:
648 2984 723 3061 quia
739 2983 931 3061 mysterium
944 2985 1117 3052 nesciebat,
1159 3049 1161 3054 ,

364 3083 471 3143 statim
489 3081 636 3142 recessit.
668 3082 853 3143 Confessor
863 3090 971 3140 autem
984 3082 1117 3141 devotus
1159 3065 1161 3090 ²

327 3180 516 3257 asimpievit
532 3179 733 3240 desiderium
745 3178 898 3254 virginis:
920 3187 953 3237 et
969 3178 1115 3254 imposito

364 3287 452 3337 serto
468 3276 563 3353 capiti
580 3294 692 3336 sacrae
708 3275 869 3352 imaginis,
885 3276 1006 3336 scalam
1023 3279 1062 3336 ad
1077 3276 1116 3334 io·

364 3393 438 3435 cum
451 3376 592 3452 priorem
610 3374 802 3450 reportabat.
831 3373 916 3434 Cum
935 3391 1013 3450 ergo
1031 3372 1116 3434 flexis

364 3474 503 3550 genibus
526 3484 599 3534 ante
622 3472 796 3548 imaginem
827 3480 954 3531 orasset
976 3482 1009 3532 et
1032 3487 1115 3532 reve·

365 3582 475 3631 renter
494 3571 670 3645 adorasset,
700 3569 838 3646 expletis
863 3570 1019 3629 omnibus
1040 3583 1115 3647 quae

326 3668 396 3727 soin
433 3669 593 3729 mandatis
629 3679 817 3744 acceperat3
855 3679 1033 3745 antequam
1069 3682 1113 3727 ec-

363 3767 496 3826 clesiam
509 3768 621 3841 exiret,
637 3768 773 3843 angelus
785 3766 918 3826 Domini
936 3766 1023 3828 idem
1037 3763 1112 3826 flori-

721 3872 761 3911 aaa
