2692 4659
586 732 698 783 :xxvn
717 733 1037 787 mmmm

271 866 446 942 pomellis:
462 883 542 942 quas
557 864 739 942 Theophilo
754 866 825 927 viro
841 868 1036 928 scholastico

272 964 340 1023 sibi
357 963 525 1024 insultanti
538 973 570 1024 et
580 981 646 1024 non
657 965 815 1041 credenti,
830 982 888 1041 per
898 983 1035 1042 puerum

272 1062 416 1139 angelici
429 1062 557 1122 decoris
568 1063 734 1140 eleganter
744 1064 932 1124 transmisit.
956 1064 1037 1141 Qui·

273 1162 341 1221 bus
356 1160 412 1220 ille
428 1160 614 1236 conspectis
629 1177 810 1221 conversus
826 1169 875 1220 est
888 1172 919 1221 et
931 1160 1036 1221 fidelis

274 1258 433 1334 effectus3
453 1269 549 1334 atque
565 1257 639 1318 fidei
656 1259 764 1318 calore
779 1275 949 1335 accensus,
964 1277 1059 1335 pro-s

273 1357 367 1417 tinus
383 1373 442 1432 per
456 1356 601 1433 martyrii
618 1357 757 1433 palmam
771 1357 969 1417 Dorotheum
986 1375 1036 1417 se-

275 1471 386 1530 quens
417 1453 602 1529 paradisum
634 1455 739 1514 laetus
770 1454 916 1515 intravit:
952 1455 1036 1516 sicut

275 1551 387 1611 eidem
417 1552 546 1628 egregia
574 1569 696 1627 sponsa
722 1551 847 1613 Christi
872 1553 1037 1613 Dorothea

274 1650 483 1725 promiserat.

319 1747 427 1807 Nemo
456 1747 554 1824 igitur
582 1748 621 1808 de
644 1747 716 1808 istis
739 1747 929 1807 rubicundis
951 1748 1036 1807 rosis
1048 1763 1073 1804 ro

274 1845 489 1922 acquirendis
511 1846 679 1922 desperet:
701 1845 793 1921 quasi
810 1846 905 1922 longe
921 1845 1037 1921 positis

275 1954 311 2004 et
333 1943 510 2004 difficulter
531 1943 594 2003 iam
610 1943 828 2003 inveniendis.
865 1944 947 2003 Nam
964 1960 1037 2019 pos·

275 2051 357 2102 sunt
379 2042 417 2101 ab
440 2040 592 2101 omnibus
612 2040 800 2100 christianis
815 2052 847 2101 et
862 2042 1036 2118 praecipue

274 2158 295 2199 a
325 2138 453 2199 devotis
482 2148 514 2198 et
540 2138 703 2214 religiosis
724 2140 875 2214 personis
897 2149 961 2199 tam
984 2139 1036 2199 die

274 2254 376 2313 quam
407 2246 521 2311 nocte,
552 2245 616 2295 tam
648 2235 758 2296 hieme
789 2253 885 2312 quam
915 2246 1036 2297 aestate
1048 2254 1073 2294 15

272 2335 426 2395 studiose
457 2334 587 2411 quaeri,
618 2345 649 2393 et
681 2333 847 2394 fructuose
879 2335 1036 2395 inveniri:

272 2433 335 2492 sed
360 2431 480 2492 debent
501 2442 595 2491 caute
615 2431 749 2491 servari.
782 2432 932 2509 Legendo
949 2433 1036 2492 enim

273 2528 405 2590 Christi
417 2528 604 2605 passionem
616 2537 648 2588 et
659 2539 846 2589 sanctorum
858 2539 1035 2607 martyrum

271 2627 450 2704 passiones
462 2644 556 2687 rosae
568 2628 688 2687 rubeae
697 2627 729 2686 in
739 2628 830 2687 libris
839 2627 1036 2688 ecclesiasti·

272 2726 324 2785 cis
348 2734 566 2801 quaeruntur3
589 2725 775 2786 meditando
798 2735 830 2786 et
852 2726 973 2786 orando
989 2725 1072 2785 in-ao

272 2823 471 2884 veniuntur:
496 2824 581 2883 iuste
603 2823 729 2899 sobrie,
752 2832 840 2883 caste
863 2834 894 2883 et
915 2824 968 2899 pie
990 2823 1036 2882 vi-

272 2923 385 2983 vendo
409 2931 585 2998 carpuntur
607 2931 639 2981 et
660 2931 842 2981 servantur.
885 2920 1036 2997 Amplius
1050 2937 1082 2978 oe
1096 2938 1143 2979 1000

273 3031 386 3082 autem
407 3019 489 3080 istae
505 3020 705 3080 rubicundae
721 3008 814 3079 rosae
830 3020 1035 3095 quaerendae
1046 3010 1144 3041 '⁰⁸“'¹¹''¹

273 3127 353 3179 sunt
388 3127 537 3194 tempore
572 3119 740 3195 angustiae
771 3118 859 3177 iuxta
891 3126 1035 3177 montem

276 3216 400 3277 Oliveti
417 3216 451 3276 in
466 3217 560 3276 horto
576 3225 704 3275 secreto
720 3233 738 3275 a
753 3215 870 3276 turbis:
889 3215 921 3274 in
938 3232 1072 3291 quemzs

276 3313 423 3375 introivit
439 3313 533 3373 Iesus
548 3322 580 3373 et
595 3313 746 3390 discipuli
763 3313 835 3373 eius
851 3322 886 3372 ut
896 3323 1035 3373 orarent.

279 3412 342 3490 Qui
364 3423 444 3474 tunc
466 3429 486 3471 a
507 3411 637 3471 Iudaeis
660 3420 788 3486 captus,
810 3411 942 3488 ligatus,
964 3427 1035 3486 per·

279 3527 412 3586 cussus,
442 3509 623 3585 flagellatus
645 3518 837 3584 coronatus,
859 3506 1035 3567 crucifixus

281 3608 478 3682 vulneratus,
491 3615 523 3666 et
533 3605 626 3682 quasi
638 3614 705 3666 toto
717 3623 853 3682 corpore
865 3614 1034 3665 cruentus:

284 3704 424 3781 apparuit
445 3704 534 3764 omni
558 3721 632 3764 rosa
653 3703 876 3779 rubicundior,
900 3702 1070 3778 pretiosiao

286 3802 446 3879 sanguinis
461 3802 513 3861 sui
529 3802 647 3862 rubore
663 3801 818 3877 perfusus
834 3809 866 3861 et
878 3818 1035 3877 purpura·

635 3907 677 3949 aso
887 3905 927 3947 ιτ·
