2692 4659
354 701 516 755 Qfflffi
544 699 707 742 SERMONES
722 700 762 741 AD
779 698 928 741 NOVICIOS
954 700 1116 751 ἴελὶᾓῖῥλῆᾓ

356 834 441 894 sicut
456 834 560 909 steila,
576 834 698 893 rubens
714 843 877 910 tamquam
893 850 985 909 rosa;
1008 833 1115 893 nitens

357 940 391 990 ut
413 931 600 1007 margarita:
632 931 748 990 lucens
777 940 812 990 ut
840 930 889 990 sol
919 940 951 990 et
980 931 1058 990 luna
1084 930 1113 989 in

357 1028 447 1087 caelo
469 1036 501 1087 et
523 1028 556 1088 in
578 1038 673 1089 terra.
717 1028 746 1090 Ο
769 1028 860 1105 virgo
889 1028 996 1104 mitis,
1025 1029 1113 1088 inno·

357 1143 436 1187 cens
467 1126 551 1187 sicut
582 1144 680 1203 agna:
712 1127 850 1203 simplex
882 1136 916 1186 ut
949 1126 1114 1200 columba;

334 1225 501 1300 sprudens
530 1224 615 1284 sicut
643 1225 763 1285 nobilis
790 1224 937 1285 domina:
966 1225 1114 1285 serviens

358 1332 392 1382 ut
414 1321 548 1382 humilis
570 1322 697 1382 ancilia.
741 1322 770 1384 Ο
794 1322 884 1382 radix
906 1331 1037 1397 sancta,
1067 1338 1113 1381 ce-

358 1420 436 1479 drus
453 1420 531 1480 aita:
554 1419 630 1479 vitis
647 1420 796 1495 fecunda,
819 1420 901 1480 ficus
916 1419 1114 1493 dulcissima,

358 1518 464 1593 palma
485 1517 659 1578 latissima:
682 1518 716 1577 in
738 1530 770 1579 te
785 1518 994 1594 reperiuntur
1010 1516 1115 1576 omnia

358 1616 458 1675 bona:
487 1627 519 1675 et
540 1632 599 1691 per
620 1626 652 1676 te
674 1616 769 1676 nobis
796 1627 928 1677 aeterna
957 1616 1116 1675 donantur

324 1712 511 1789 ropraemia.
554 1712 681 1775 Omnes
711 1730 788 1789 ergo
817 1714 856 1773 ad
879 1724 910 1773 te
940 1714 1116 1790 confugere

359 1812 517 1872 debemus
545 1812 630 1871 sicut
653 1812 710 1871 iiiii
733 1812 773 1871 ad
796 1811 903 1871 sinum
927 1812 1058 1887 matris,
1087 1819 1117 1870 et

359 1909 495 1985 orphani
518 1911 557 1970 ad
580 1911 712 1970 domum
735 1910 836 1986 patris
859 1909 1014 1986 quamdiu
1036 1909 1117 1969 vivi-

360 2025 449 2067 mus:
478 2016 513 2066 ut
542 2006 606 2067 tuis
628 2007 781 2083 gloriosis
803 2006 930 2066 meritis
961 2015 993 2066 et
1015 2006 1119 2083 preci-

359 2106 421 2164 bus
442 2113 650 2180 protegamur
671 2104 710 2163 ab
732 2103 884 2163 omnibus
907 2103 1011 2164 malis.

326 2223 351 2262 15
401 2202 465 2262 Sed
492 2201 554 2261 iam
577 2201 686 2261 audite
708 2201 792 2262 dicta
818 2201 987 2262 cuiusdam
1011 2202 1120 2263 docto-

361 2299 416 2373 τίς,
438 2299 477 2358 de
500 2298 670 2358 duodecim
694 2299 799 2359 stellis
821 2298 854 2358 in
870 2316 991 2359 corona
1006 2299 1120 2361 beatae

361 2397 513 2472 virginis:
550 2396 668 2473 quibus
706 2397 807 2472 fulget
843 2396 974 2456 domina
1010 2408 1122 2459 nostra

361 2506 472 2555 sancta
503 2494 608 2554 Maria
638 2511 716 2569 prae
747 2494 900 2553 omnibus
932 2495 1057 2555 sanctis
1089 2497 1120 2556 in

362 2593 471 2653 caelis.
508 2593 593 2652 istae
608 2593 781 2653 duodecim
805 2596 930 2669 stellae,
951 2604 1029 2654 sunt
1045 2595 1122 2653 duo·
1158 2671 1160 2680 Ι

325 2691 467 2751 rodecim
490 2691 732 2767 praerogativae
749 2693 914 2768 regnantis
935 2692 1008 2752 eius
1031 2693 1122 2752 clari·

362 2789 452 2849 tatis:
475 2805 557 2865 quas
579 2788 677 2848 habet
699 2799 851 2865 respectu
874 2790 1022 2849 omnium
1046 2789 1121 2849 aiio-

363 2904 433 2946 rum
457 2886 577 2945 civium
594 2903 822 2961 supernorum.
853 2887 1018 2963 Respectu
1034 2887 1119 2947 enim

363 2983 522 3043 ecclesiae
546 2983 732 3044 militantis:
761 2985 858 3045 habet
887 2995 1027 3062 quatuor
1051 3001 1120 3061 spe·

363 3082 457 3142 ciaiia
486 3082 730 3157 superlucentia
761 3083 845 3142 dona
876 3082 1119 3143 misericordiae

326 3199 354 3239 25
364 3179 517 3255 operibus
546 3181 651 3255 plena.
695 3180 782 3257 Quia
809 3198 886 3256 prae
913 3182 1034 3241 ceteris
1057 3198 1118 3241 om-

364 3278 460 3337 nibus
496 3278 626 3338 exaudit
660 3278 854 3353 benigniuS,
889 3278 1119 3339 condescendit

364 3375 538 3450 humilius;
567 3375 633 3451 agit
654 3375 844 3451 virtuosius
875 3376 1039 3436 succurrit
1062 3376 1118 3435 fre·

364 3474 535 3551 quentius:
564 3474 649 3533 sicut
671 3474 873 3549 experientia
895 3474 990 3534 docet
1021 3474 1053 3533 in
1075 3490 1119 3533 ar·

365 3572 438 3631 duis
461 3571 621 3631 ecciesiae
644 3572 762 3632 causis
800 3573 879 3632 Item
904 3582 1055 3648 respectu
1072 3588 1121 3631 ec·

328 3670 486 3730 aoeiesiae
501 3669 748 3745 triumphantis:
771 3670 867 3730 habet
888 3670 969 3730 istas
986 3678 1127 3747 quatuor

366 3768 549 3827 eminentes
580 3767 830 3844 praerogativas.
882 3767 970 3845 Quia
1005 3766 1133 3828 ceteris

724 3872 764 3913 aaa
