2692 4659
370 705 531 758 mm
559 704 722 749 SERMONES
737 708 778 749 ho
794 707 943 751 NOVICIOS
966 709 1132 763 Q&

371 839 405 899 in
429 840 605 901 ludibrium
628 840 699 916 liat,
728 858 811 917 quae
833 851 901 902 erat
923 843 1013 903 socia
1036 860 1132 921 ange·

371 937 487 998 lorum.
522 938 622 1015 Igitur
643 938 677 998 in
699 950 819 1015 quanto
840 940 949 1000 artiori
973 941 1132 1001 manserit

372 1035 519 1095 custodia
540 1045 572 1095 et
594 1036 718 1096 ordinis
741 1037 928 1115 disciplina:
950 1047 1041 1099 tanto
1062 1039 1130 1116 pul·

372 1132 501 1192 chriora
531 1132 598 1192 lilia
628 1133 759 1194 habebit
788 1135 820 1195 in
850 1153 910 1195 sua
938 1137 1072 1196 aureola
1100 1145 1131 1196 et

349 1247 471 1289 saurea
492 1247 622 1291 corona.
654 1231 808 1308 Cumque
830 1232 921 1309 virgo
942 1234 1132 1294 abscondita

373 1328 433 1388 soli
461 1330 531 1389 Deo
560 1329 690 1405 placere
719 1329 894 1390 intendens
922 1322 960 1391 et
984 1332 1129 1408 cupiens,

373 1425 411 1485 ab
434 1426 586 1486 omnibus
608 1427 783 1488 mundanis
806 1428 894 1488 curis
913 1439 944 1490 et
960 1430 1080 1491 fabulis
1094 1447 1129 1490 se

373 1525 574 1603 elongaverit
598 1535 630 1586 et
652 1526 875 1587 mundaverit:
904 1537 982 1588 tunc
1005 1527 1127 1590 Christi

374 1623 536 1700 aspirante
558 1623 660 1700 gratia
682 1624 793 1684 suavis
815 1641 854 1684 ex
877 1642 916 1685 ea
933 1626 1013 1686 odor
1028 1628 1128 1686 bonae

340 1739 365 1779 ro
374 1721 459 1782 vitae
487 1722 571 1781 sicut
593 1722 673 1782 odor
694 1739 823 1782 murrae
846 1732 878 1783 et
899 1722 982 1783 turis
1005 1740 1126 1784 emana-

374 1820 437 1896 bit;
463 1830 496 1880 et
517 1821 638 1881 multae
660 1819 747 1879 filiae
770 1820 848 1880 Sion
871 1821 977 1881 adhuc
1000 1821 1125 1881 saeculo

375 1918 520 1993 deditae,
546 1918 717 1978 audientes
745 1928 889 1978 sanctam
913 1918 1124 1979 conversatio·

375 2034 451 2077 nem
462 2017 610 2076 inclusae
621 2015 784 2091 monialis,
797 2015 1025 2076 excitabuntur
1036 2016 1122 2077 etiam

376 2117 414 2176 ad
442 2116 693 2193 relinquendum
717 2124 848 2192 propter
871 2114 1043 2177 Christum
1065 2128 1122 2173 om·

342 2231 451 2274 isnem
474 2214 596 2274 saeculi
619 2213 811 2274 vanitatem:
834 2222 869 2273 ut
888 2212 1121 2290 apprehendant

376 2328 449 2372 cum
476 2311 658 2388 virginibus
688 2328 806 2371 aureae
829 2327 969 2370 coronae
992 2306 1120 2388 pulchri·

375 2410 531 2469 tudinem.
557 2408 586 2469 O
598 2426 695 2485 quam
707 2409 872 2485 sapienter
883 2408 952 2485 agis
964 2408 1029 2469 lilia
1040 2408 1120 2469 Sion:

376 2524 458 2583 quae
488 2507 645 2567 mundum
675 2505 836 2566 lubricum
864 2507 1011 2582 spernis;
1039 2518 1120 2580 ange·

376 2605 481 2664 lorum
499 2604 577 2680 Regi
600 2604 726 2664 nubere
749 2613 780 2664 et
803 2605 981 2665 adhaerere
1004 2614 1121 2679 semper

339 2702 535 2762 zointendis:
563 2712 594 2762 et
616 2703 654 2762 ad
678 2703 839 2763 caelestes
861 2702 992 2779 nuptias
1014 2703 1120 2762 intrare

378 2800 522 2859 festinas.
560 2801 646 2860 lntra
668 2800 752 2861 intra
768 2800 945 2860 claustrum
962 2800 1120 2877 virginum,

377 2898 430 2957 ubi
443 2898 550 2958 discas
563 2899 670 2958 facere
681 2899 881 2958 voluntatem
894 2899 1026 2959 Domini
1037 2891 1120 2970 Regis

376 2996 440 3055 tui:
469 3006 500 3057 et
529 3013 685 3072 praepara
714 3006 744 3056 te
774 3013 848 3055 cum
878 2997 1044 3057 sodalibus
1068 2989 1120 3055 tuis

376 3094 557 3170 vigilando,
583 3094 705 3154 orando
728 3104 760 3155 et
782 3093 982 3171 expectando
1005 3095 1118 3153 beatum

340 3192 552 3252 asadventum
573 3192 685 3268 sponsi
709 3192 754 3252 tui
777 3192 817 3251 de
840 3193 940 3252 caelo.
984 3192 1080 3254 Certe
1097 3178 1118 3241 si

377 3290 643 3365 perseveraveris
666 3290 699 3349 in
722 3307 761 3349 eo
784 3290 869 3365 quod
892 3289 1046 3366 coepisti:
1072 3278 1119 3344 erit

377 3388 449 3447 sine
478 3387 576 3447 dubio
599 3387 685 3463 quod
709 3386 933 3447 desideranter
954 3404 973 3445 a
995 3380 1119 3446 Domino

379 3485 448 3544 Deo
471 3494 526 3544 tuo
549 3500 648 3560 saepe
670 3483 790 3560 petisti.

418 3581 591 3642 Secundus
618 3581 761 3640 circulus
784 3580 882 3641 huius
905 3599 1023 3642 aureae
1044 3587 1119 3639 coro·

272 3699 358 3739 -oeru-
378 3696 439 3738 nae
468 3679 613 3739 continet
641 3688 765 3738 sertum
795 3695 835 3737 ex
864 3678 976 3739 rubeis
1003 3675 1119 3739 floribus

260 3762 366 3802 b⁰f⁸f⁰⁵¹⁵
379 3776 575 3853 colligatum,
591 3775 664 3835 visu
681 3775 865 3851 pulchrum,
886 3776 1022 3837 ⁰d⁰s²t¹¹
1037 3761 1120 3833 dulci·

735 3880 775 3921 256

259 2391 298 2432 ·De
307 2391 364 2441 saga

270 2454 354 2493 saeculi
