2692 4659
359 657 518 709 &m
547 656 709 699 SERMONES
724 657 764 698 Ab
781 655 929 698 novicios
955 656 1123 708 mm

359 790 549 866 gaudiorum
573 791 829 850 mundanorum:
861 807 943 866 quae
966 790 1064 850 offert
1087 799 1122 850 et

360 899 500 949 ostentat
522 906 627 949 vanus
656 898 688 948 et
716 888 862 948 lubricus
891 889 944 947 hic
974 888 1122 947 mundus

363 986 589 1062 insipientium
626 985 742 1046 oculis.
786 986 877 1045 Haec
913 985 999 1046 enim
1036 985 1122 1044 nihil

360 1084 553 1160 profuerunt
575 1101 636 1144 nec
659 1093 795 1159 prosunt
810 1083 1008 1144 amatoribus
1031 1082 1121 1142 suis:

337 1182 415 1258 squi
438 1183 597 1242 laetantur
619 1181 651 1241 in
675 1181 829 1257 perituris
858 1191 889 1241 et
911 1179 1047 1240 ludicris
1070 1197 1121 1238 re·

360 1280 432 1353 bus,
455 1277 590 1338 fallaciis
613 1288 644 1337 et
666 1278 833 1338 doloribus
855 1277 971 1354 plenis.

402 1375 490 1435 Felix
522 1376 619 1451 igitur
649 1385 779 1435 caterva
807 1385 992 1435 sanctarum
1022 1373 1120 1450 virgi-

360 1491 456 1548 num3
486 1491 569 1549 quae
591 1482 709 1532 cuncta
730 1472 852 1532 saeculi
883 1472 981 1531 huius
1002 1471 1120 1548 gaudia

361 1582 393 1631 et
415 1570 561 1646 corporis
583 1580 774 1630 ornamenta
789 1580 953 1645 tamquam
974 1579 1120 1629 stercora

327 1669 532 1745 iorepudiare
564 1667 687 1728 studuit
718 1684 777 1743 pro
807 1666 873 1727 vita
904 1676 1051 1726 aeterna:
1089 1676 1120 1726 et

361 1767 464 1843 magis
496 1784 569 1826 cum
602 1765 726 1842 angelis
756 1776 788 1826 et
817 1764 1021 1841 archangelis
1044 1780 1120 1823 con-

362 1864 483 1940 cupivit
511 1862 687 1924 beatificari
717 1863 749 1922 in
780 1863 911 1922 caelesti
933 1862 1045 1938 gloria.
1090 1861 1118 1922 Ο

361 1979 439 2022 vere
461 1962 554 2021 beata
576 1960 684 2020 contio
706 1959 874 2036 virginalis
896 1977 1013 2034 sexus,
1035 1976 1121 2035 quae

362 2060 394 2118 in
418 2077 477 2118 suo
499 2059 599 2134 gradu
629 2058 755 2118 stabilis
786 2058 981 2134 permansit:
1013 2068 1045 2117 et
1067 2075 1121 2117 us-

327 2174 425 2233 rsque
457 2157 496 2216 ad
527 2156 697 2232 sanguinis
734 2155 930 2215 effusionem
962 2154 1050 2214 vitiis
1083 2173 1120 2214 ac

362 2253 541 2331 tyrannicis
572 2253 699 2329 legibus
730 2252 932 2313 contradixit.
976 2253 1121 2329 Ideoque

362 2351 626 2427 speciosissimas
649 2350 681 2409 in
698 2351 788 2410 caelo
807 2367 944 2409 coronas
966 2349 1122 2425 pretiosis

362 2448 501 2524 gemmis
524 2457 555 2506 et
573 2448 755 2523 margaritis
779 2458 924 2507 ornatas:
946 2465 1004 2523 pro
1020 2447 1122 2508 victo-

364 2546 410 2604 ria
439 2544 627 2605 certaminis
659 2545 709 2604 sui
741 2563 759 2604 a
787 2546 922 2606 Christo
951 2544 1123 2620 percipere

326 2642 503 2718 cogloriosa
532 2643 626 2701 laude
655 2642 844 2717 promeruit.
888 2642 972 2719 Quis
998 2642 1121 2702 etenim

363 2740 458 2816 digne
494 2750 526 2800 et
561 2739 765 2800 sufficienter
799 2741 916 2816 poterit
947 2739 1122 2815 explicare,

363 2840 476 2914 quales
514 2854 612 2913 saepe
648 2838 814 2913 angustias
849 2838 1052 2913 pertulerunt
1090 2838 1122 2898 in

364 2934 477 2994 corde:
518 2936 631 3010 quales
673 2936 903 3011 temptationes
938 2935 970 2995 in
1007 2952 1123 3010 carne;

365 3035 478 3110 quales
489 3033 717 3109 suggestiones
728 3034 922 3093 daemonum
939 3033 1124 3093 sentiebant

327 3132 396 3190 zsin
420 3130 582 3189 oratione:
612 3130 666 3206 qui
698 3148 753 3190 eas
779 3149 797 3190 a
826 3132 972 3191 castitate
995 3130 1122 3191 Christi

365 3229 403 3287 ad
426 3228 659 3287 delectationes
682 3228 793 3287 mundi
811 3228 1014 3304 instigabant.
1047 3226 1122 3286 Heu

365 3336 484 3402 quanta
514 3323 650 3383 consilia
682 3325 886 3384 machinatus
915 3333 964 3383 est
994 3333 1124 3383 satanas

365 3441 423 3499 per
464 3421 588 3481 amicos
624 3422 818 3497 suadentes3
861 3438 919 3497 per
958 3430 1124 3480 matronas

364 3520 587 3593 blandientes,
616 3536 673 3594 per
696 3519 894 3594 multiplices
916 3535 1046 3595 quoque
1070 3517 1124 3577 de-

328 3618 506 3677 sorisiones
528 3626 560 3675 et
591 3626 749 3675 terrores:
779 3627 813 3675 ut
842 3617 1038 3675 seducerent
1068 3632 1125 3674 eas

365 3725 396 3774 et
419 3716 584 3773 traherent
613 3730 725 3773 secum
755 3730 814 3789 per
841 3713 959 3772 breves
989 3712 1126 3772 delicias

726 3818 763 3859 152
