2692 4659
364 698 526 750 &uim
553 698 715 741 SERMONES
730 698 771 741 AD
787 697 937 740 NOVlClOS
959 698 1125 750 ζῶζχῇἵῷω

366 831 468 891 sancti
498 831 570 891 eius
599 831 642 891 ait
671 831 776 890 David
805 841 938 891 sanctus
967 831 1124 907 quoniam

365 929 446 989 nihil
469 930 562 989 deest
583 928 774 989 timentibus
796 946 882 990 eum.
914 929 1027 1005 Quare
1049 930 1125 988 hor·

365 1036 451 1086 tatur
461 1044 576 1087 omnes
587 1027 720 1104 timere;
736 1037 767 1088 et
778 1028 838 1088 sub
850 1045 965 1105 magna
976 1026 1126 1087 custodia

366 1126 558 1203 disciplinae
586 1128 700 1187 stare?
747 1128 834 1204 Quia
862 1125 1020 1187 terribilia
1048 1134 1125 1184 sunt

342 1224 485 1285 siudicia
517 1224 578 1284 Dei
610 1242 710 1300 super
746 1225 830 1285 lilios
865 1224 1056 1285 hominum:
1094 1231 1125 1281 et

366 1339 463 1382 nemo
485 1331 595 1382 certus
617 1334 685 1398 est,
708 1341 749 1383 an
771 1324 889 1401 dignus
910 1322 953 1382 sit
974 1321 1049 1381 odio
1071 1320 1124 1381 vel

366 1437 486 1480 amore.
530 1419 653 1480 idcirco
683 1421 776 1479 valde
807 1420 886 1480 utile
917 1430 968 1480 est
997 1417 1124 1479 homini

366 1518 471 1577 adhuc
488 1517 619 1591 carnali,
634 1516 805 1592 dissoluto,
827 1525 858 1576 et
873 1516 1125 1589 immortificat0‚

366 1616 487 1676 habere
507 1615 657 1675 timorem
674 1615 752 1674 Dei:
775 1625 806 1675 et
821 1614 930 1674 omnia
945 1630 1044 1690 opera
1065 1630 1126 1672 sua

332 1730 357 1771 10
367 1712 484 1787 vereri,
506 1722 538 1772 et
552 1712 629 1772 vilia
644 1712 684 1771 de
699 1730 736 1772 se
759 1712 891 1773 sentire.
921 1712 1005 1771 Nam
1027 1710 1127 1770 timor

369 1810 429 1869 Dei
462 1808 537 1868 lacit
567 1827 586 1868 a
614 1820 747 1886 peccato
777 1810 948 1870 recedere:
979 1807 1127 1884 pericula

366 1906 613 1984 temptationum
636 1924 850 1983 praecavere3
879 1907 918 1966 de
940 1904 1127 1982 praeteritis

367 2008 461 2067 malis
483 2007 604 2082 dolere,
627 2005 667 2064 de
689 2005 917 2080 praesentibus
939 2003 1127 2064 delectatio·

366 2105 463 2164 nibus
498 2104 685 2164 abstinere:
727 2104 766 2162 de
806 2101 1004 2163 necessariis
1038 2100 1127 2161 vitae

333 2202 476 2262 issobrie
507 2218 654 2261 sumere:
686 2218 723 2260 ac
752 2200 893 2260 discrete
923 2212 1014 2260 actus
1045 2215 1127 2258 suos

369 2317 498 2376 regere3
527 2316 657 2375 semper
686 2298 724 2357 ad
751 2298 946 2374 perfectiora
973 2296 1128 2357 tendere:

368 2408 400 2457 et
428 2406 544 2457 cuncta
572 2413 655 2472 quae
686 2397 756 2456 Deo
785 2396 888 2472 magis
918 2395 1047 2471 placent
1079 2394 1128 2453 in-

368 2494 498 2570 quirere
530 2511 566 2553 ac
598 2495 745 2554 studiose
776 2510 888 2570 agere:
920 2502 951 2552 et
982 2491 1021 2550 ad
1052 2491 1128 2551 eius

368 2594 525 2653 honorem
542 2592 651 2651 omnia
665 2592 750 2651 bona
772 2590 975 2651 laudabiliter
994 2589 1129 2649 trahere

331 2700 399 2750 zoet
421 2707 624 2766 promovere.

409 2788 484 2847 Heu
500 2790 564 2847 heu
581 2787 697 2848 fratres
713 2788 813 2847 multa
828 2786 972 2863 pericula
987 2784 1129 2844 circum·

369 2887 445 2945 dant
466 2903 527 2946 nos
545 2886 705 2961 undique:
729 2885 854 2945 scilicet
876 2901 951 2945 caro
967 2883 1130 2957 diabolus⁵

369 2992 400 3043 et
422 2984 564 3042 mundus
586 2991 673 3043 totus
696 2982 729 3041 in
750 2982 891 3058 maligno
913 2980 1049 3057 positus.
1080 2979 1130 3038 Ex

369 3081 420 3140 his
441 3089 639 3157 generantur
660 3080 805 3156 pericula
826 3092 858 3140 et
880 3077 1129 3154 temptationes:

331 3189 401 3238 aset
423 3179 515 3255 pauci
539 3188 615 3238 sunt
630 3179 685 3255 qui
708 3179 780 3238 sine
803 3178 947 3238 laesione
967 3187 999 3235 et
1021 3174 1129 3251 inqui-

369 3277 499 3337 natione
529 3277 680 3337 evadunt.
725 3276 813 3353 Quid
843 3292 919 3352 ergo
949 3273 1068 3332 mirum
1098 3272 1128 3331 si

369 3375 443 3452 quis
465 3376 505 3435 de
527 3392 586 3434 sua
609 3374 781 3450 fragilitate
803 3374 934 3448 timeat3
960 3388 1035 3431 cum
1059 3368 1128 3429 ubi·

370 3489 432 3548 que
464 3473 599 3548 laqueos
631 3471 750 3532 diaboli
783 3482 895 3532 contra
927 3486 963 3529 se
995 3466 1127 3528 extendi

369 3569 552 3645 percipiat?
594 3569 627 3628 Si
658 3570 745 3629 enim
768 3570 853 3629 bona
881 3568 962 3645 agit,
991 3566 1128 3626 sibene

333 3667 463 3743 adlegit,
492 3677 597 3727 cantat
619 3669 670 3727 vel
700 3667 828 3727 scribit:
858 3667 885 3726 si
911 3675 980 3725 orat
1009 3663 1128 3737 studet,

370 3766 543 3842 praedicat,
565 3776 618 3826 aut
634 3767 792 3840 celebrat3
815 3782 892 3826 ecce
912 3763 1020 3824 statim
1037 3762 1128 3821 adest

730 3873 768 3912 nc
