2692 4659
368 702 529 755 means
546 700 614 743 vnn
630 698 793 743 unswims
808 698 948 742 vrncnns
965 700 1124 753 &Quo

369 836 530 912 quandam
566 852 631 894 non
661 835 757 911 longe
786 851 804 893 a
831 843 918 894 terra
947 833 982 893 in
1013 835 1125 894 arbore

369 943 598 994 constructam.
626 932 677 993 Ad
694 932 788 992 cuius
803 932 923 992 ostium
946 932 1125 1008 pulsantes,

367 1032 479 1092 vident
509 1033 542 1091 in
571 1031 654 1091 ostio
686 1031 747 1091 sibi
780 1038 924 1090 reserato
956 1029 1123 1088 hominem

304 1127 306 1131 ⁴
368 1130 459 1189 vultu
488 1129 619 1206 quidem
656 1129 857 1205 angelicum3
892 1127 951 1187 sed
988 1143 1124 1203 corpore

344 1228 412 1287 sita
427 1244 584 1301 crassum,
606 1236 722 1286 utnon
739 1226 772 1285 in
789 1242 901 1285 eremo
924 1233 1125 1283 maceratus:

368 1326 426 1385 sed
448 1326 533 1385 inter
555 1324 688 1384 delicias
711 1323 833 1383 saeculi
856 1330 1028 1398 putaretur
1050 1321 1124 1380 edu-

368 1433 468 1483 catus
499 1424 586 1482 Inter
601 1424 693 1499 plura
710 1421 881 1481 familiaria
896 1419 1072 1496 colloquia,
1088 1418 1123 1477 ab

368 1521 482 1580 eodem
505 1519 641 1580 eremita
662 1518 863 1595 percipiunt:
886 1517 972 1594 quod
997 1516 1032 1575 in
1048 1517 1123 1575 duo-

368 1616 473 1676 decim
489 1616 584 1676 annis
600 1624 631 1675 et
646 1616 730 1675 ultra
752 1615 919 1674 bominem
944 1631 1012 1673 non
1029 1614 1124 1673 vidis·

334 1723 427 1774 toset.
471 1715 712 1790 Interrogantes
748 1730 825 1789 ergo
861 1712 949 1772 unde
980 1711 1123 1771 viveret:

368 1813 536 1888 respondit
550 1830 586 1871 se
603 1830 641 1872 ex
657 1814 727 1871 sola
739 1798 842 1888 ¹gratia
863 1810 974 1870 divina
996 1810 1122 1869 nutriri.

322 1928 325 1935 ·
367 1911 450 1970 Nam
474 1927 591 1969 manna
606 1911 747 1970 caeleste
763 1926 827 1986 quo
843 1908 919 1968 olim
944 1907 1001 1967 lilii
1025 1907 1122 1967 lsrael

367 2009 400 2068 in
416 2008 546 2068 deserto
556 2009 783 2083 vescebantur,
799 2006 953 2083 colligere
969 2016 1002 2065 et
1017 2023 1124 2065 come·

368 2106 445 2166 dere
467 2106 607 2166 solebat:
622 2106 709 2182 quod
725 2105 862 2165 cellulae
886 2121 965 2164 suae
981 2104 1125 2179 desuper

333 2203 510 2263 tsinlluens
526 2221 599 2263 cum
615 2204 790 2280 gratiarum
813 2202 940 2262 actione
964 2202 1123 2262 sumebat.

368 2301 577 2377 Quaerebant
599 2300 696 2360 etiam
712 2301 750 2359 ab
767 2317 806 2359 eo
821 2308 929 2359 utrum
946 2299 1053 2359 adhuc
1068 2299 1123 2358 alii

367 2398 593 2458 invenirentur
607 2398 758 2457 homines
769 2398 823 2474 qui
840 2399 963 2474 absque
979 2399 1123 2457 humano

366 2497 438 2555 cibo
461 2497 610 2555 viverent
637 2496 722 2555 sicut
744 2505 775 2555 et
797 2496 884 2570 ipse:
913 2496 952 2555 ad
974 2513 1059 2571 quos
1081 2496 1124 2555 ita

367 2593 543 2669 respondit.
576 2595 610 2652 ln
627 2594 772 2668 partibus
788 2593 981 2653 Hollandiae
997 2594 1031 2653 in
1048 2594 1125 2654 civi-

330 2701 430 2751 aotate
453 2691 625 2751 Schiedam
648 2701 698 2750 est
720 2691 876 2767 quaedam
897 2690 988 2767 virgo
1013 2692 1125 2751 multis

366 2790 459 2848 annis
480 2789 619 2848 diversis
639 2790 880 2849 infirmitatibus
896 2789 1054 2849 divinitus
1070 2790 1124 2849 lla·

365 2888 497 2964 gellam,
526 2888 615 2946 nullo
644 2888 802 2964 corporali
832 2897 928 2947 utens
950 2888 1123 2960 alimento;

367 3003 450 3061 quae
472 2984 567 3044 etiam
591 2985 629 3044 ad
652 2995 772 3045 tantam
797 2984 1027 3045 celsitudinem
1053 3003 1124 3063 per·

368 3082 520 3142 lectionis
563 3082 729 3157 pervenit:
766 3082 852 3157 quod
895 3084 1125 3159 centupliciter

329 3180 536 3241 assanctitate
559 3179 644 3240 vitae
676 3189 708 3239 et
740 3181 1025 3256 contemplationis
1057 3184 1122 3242 cul·

366 3279 454 3338 mine
476 3295 528 3337 me
551 3279 646 3354 longe
669 3279 842 3353 praecedit.
872 3279 967 3339 Vnde
990 3290 1021 3340 et
1044 3281 1122 3341 satis

365 3375 507 3435 admiror
529 3393 602 3435 cum
626 3376 665 3435 de
689 3376 760 3435 eius
787 3375 924 3436 transitu
947 3376 1030 3436 nibil
1053 3394 1123 3453 per·

366 3473 462 3548 cipio,
477 3473 555 3549 quid
571 3474 600 3532 ei
616 3473 781 3548 acciderit,
797 3473 883 3549 quod
899 3491 970 3534 eam
988 3474 1020 3533 in
1037 3476 1122 3535 scala

366 3569 649 3648 contemplationis
681 3569 736 3628 diu
767 3585 832 3628 non
860 3569 1015 3629 viderim:
1049 3588 1120 3631 cum

329 3679 460 3729 aoantea
489 3669 679 3745 frequenter
701 3667 797 3727 simul
827 3667 866 3726 ad
889 3669 1045 3728 caelestia
1073 3686 1120 3728 se-

366 3776 455 3826 creta
476 3766 594 3842 singuli
619 3766 651 3824 in
667 3764 806 3841 singulis
828 3764 926 3824 scalis
949 3766 1017 3842 rapi
1041 3767 1123 3826 sole·

722 3870 763 3911 4oe
