2692 4659
364 684 525 738 mam
552 684 715 727 sermones
730 686 770 727 io
786 684 935 728 uov1clos
958 686 1119 739 ἵελΜε-λκθ
1160 707 1163 740 ι

368 819 413 880 lbi
444 828 491 880 tot
522 819 709 880 auxiliarios
740 818 866 879 invenit
901 830 979 896 quot
1009 819 1118 880 socios

366 918 478 978 habet:
500 916 555 994 qui
572 917 634 978 sibi
645 918 678 977 in
690 916 941 978 necessitatibus
951 917 1118 977 assistunt.

368 1016 413 1075 lbi
447 1015 585 1076 feliciter
616 1015 780 1075 obdormit
814 1014 847 1075 in
880 1015 1038 1075 Domino:
1074 1014 1117 1074 ibi
1160 1053 1163 1092 :

366 1114 541 1174 multorum
564 1112 857 1174 intercessionibus
886 1112 982 1173 citius
1004 1113 1119 1172 libera·
1160 1133 1163 1194 j

344 1221 418 1271 stur
439 1211 479 1271 de
501 1211 696 1288 purgatorio.
739 1211 786 1270 lbi
808 1218 881 1287 post
903 1218 1040 1269 mortem
1063 1211 1119 1269 he·
1159 1249 1163 1287 1

366 1308 462 1368 redes
489 1308 550 1367 Dei
582 1326 697 1368 servos
729 1308 779 1368 sui
811 1308 925 1384 utique
954 1307 1118 1368 interdum
1160 1311 1163 1322 '

367 1422 530 1466 memores
559 1406 731 1482 relinquit:
760 1422 899 1482 quorum
929 1405 981 1481 pia
1003 1404 1120 1479 studia,

366 1523 426 1565 sua
445 1504 507 1565 erit
529 1504 562 1564 in
585 1503 676 1564 caelo
698 1503 828 1563 laetitia.
860 1503 906 1563 lbi
927 1503 1018 1563 labor
1038 1519 1121 1562 suus

366 1612 398 1663 et
419 1603 503 1663 bona
525 1600 730 1662 conversatio
758 1600 956 1660 oblivionem
980 1617 1045 1659 non
1069 1615 1120 1658 ac·

332 1718 357 1758 ιο
367 1700 480 1777 cipiet:
502 1699 560 1759 sed
583 1698 694 1759 multis
710 1697 849 1775 posteris
872 1698 910 1758 ad
933 1696 1120 1772 exemplum

366 1797 522 1875 proficiet.
566 1797 611 1856 lbi
634 1805 813 1873 sequentes
842 1813 900 1872 pro
929 1795 1121 1872 praedeces·

366 1895 496 1955 soribus
511 1894 581 1954 suis
596 1876 875 1954 tenentur'orare:
894 1904 925 1954 et
941 1893 1120 1953 Dominum

366 2010 423 2069 pro
446 1992 691 2052 benefactorum
709 1990 879 2051 beneficiis
901 1991 1042 2051 laudare.
1074 1990 1121 2051 lbi

366 2090 523 2167 quidquid
544 2089 620 2149 boni
637 2089 757 2166 agitur:
780 2089 818 2149 ad
835 2089 981 2148 omnium
999 2087 1121 2148 ibidem

333 2188 606 2265 rsquiescentium
637 2186 917 2263 participationem
946 2186 1123 2262 provenire

367 2286 520 2347 creditur.
563 2286 610 2346 lbi
633 2286 689 2363 qui
712 2286 817 2346 adhuc
839 2285 954 2344 vivunt
979 2302 1037 2361 pro
1067 2285 1123 2345 de·

369 2385 489 2445 functis
505 2384 658 2445 iratribus
674 2383 804 2444 solliciti
821 2393 897 2443 sunt
917 2392 952 2443 ut
973 2400 991 2441 a
1006 2383 1123 2459 poenis

368 2483 552 2559 solvantur3
568 2481 666 2558 etqui
678 2482 741 2542 iam
753 2498 827 2541 cum
840 2481 975 2542 Christo
987 2491 1124 2557 regnant

368 2598 426 2657 pro
442 2580 724 2658 peregrinantibus
740 2579 924 2656 supplicant
938 2589 973 2639 ut
988 2579 1020 2638 in
1037 2579 1123 2638 bono

332 2689 596 2757 aoperseverent:
626 2689 658 2739 et
680 2678 734 2755 qui
757 2677 862 2738 adhuc
884 2687 1062 2754 supersunt
1084 2677 1124 2737 ad

371 2779 486 2838 fratres
508 2795 587 2837 suos
609 2776 723 2837 venire
748 2776 944 2837 desiderant.
989 2775 1034 2835 lbi
1058 2775 1124 2835 sin-

368 2877 480 2953 gulare
502 2877 623 2936 bonum
647 2875 682 2936 fit
707 2892 898 2935 commune:
927 2874 970 2934 ibi
1000 2884 1124 2950 tempo·

370 2974 437 3034 rale
466 2974 581 3035 transit
610 2975 643 3034 in
665 2984 845 3034 aeternum.
889 2972 935 3032 lbi
964 2982 1125 3048 tempora·

370 3073 444 3132 liter
459 3071 689 3132 conviventes:
712 3070 919 3131 aeternaliter
933 3079 1029 3130 erunt
1049 3086 1124 3129 con-

334 3185 361 3225 25
370 3171 558 3248 gaudentes.
595 3170 750 3247 Magnum
773 3169 870 3246 igitur
891 3179 923 3229 et
944 3168 1124 3228 iucundum

371 3270 508 3330 bonum:
539 3269 693 3330 habitatio
725 3269 900 3328 multorum
932 3266 1124 3326 devotorum

371 3368 405 3427 in
428 3385 539 3428 unum.
582 3367 648 3443 Qui
678 3367 710 3426 in
740 3375 852 3426 sancta
874 3365 1125 3442 congregatione

372 3480 477 3540 usque
499 3464 532 3524 in
555 3464 653 3524 finem
683 3463 944 3541 perseveraverit
970 3462 1067 3523 etiarn
1097 3462 1124 3521 si

373 3560 585 3636 imperfectus
622 3560 736 3621 fuerit:
778 3570 911 3637 propter
948 3560 1125 3619 multorum

336 3658 547 3734 notationes,
569 3668 601 3718 et
618 3658 734 3718 merita
749 3658 969 3735 perlectorum
991 3656 1030 3716 ad
1052 3657 1126 3717 bea-

373 3767 441 3817 tum
465 3755 563 3816 linem
586 3756 657 3815 Deo
680 3755 819 3832 propitio
835 3753 1015 3832 perveniet.
1059 3754 1126 3831 Qui

738 3860 763 3901 re
