2692 4659
236 802 366 862 animae
382 802 493 862 dictis:
516 802 637 862 multae
651 801 825 878 gratiarnm
849 801 994 861 actiones

237 902 309 961 Deo
333 901 526 961 referendae
554 910 630 960 sunt
652 900 748 960 etiam
779 916 836 975 pro
859 898 994 958 minimo

235 999 339 1059 verbo
362 1008 394 1059 et
410 998 551 1074 cogitatu
567 1000 652 1057 bono
671 997 813 1073 desuper
828 996 994 1073 inspirato.

237 1099 345 1157 Debet
374 1113 451 1172 ergo
483 1096 591 1156 omnis
621 1113 715 1155 sacer
743 1096 834 1154 locus
861 1094 995 1154 anobis

236 1196 271 1255 in
308 1195 495 1254 reverentia
531 1211 663 1270 semper
699 1192 827 1253 haberi:
864 1201 1018 1268 propters

236 1293 341 1352 multa
372 1291 532 1352 beneficia
561 1308 643 1368 quae
675 1290 795 1351 ibidem
828 1291 995 1350 orantibus

235 1391 346 1450 solent
363 1389 490 1449 devotis
506 1388 672 1465 praestari.
703 1388 749 1448 lbi
765 1405 906 1465 namque
922 1405 996 1464 pec-

235 1498 328 1548 cator
350 1488 521 1563 paenitens
544 1498 575 1547 et
597 1503 695 1546 orans
717 1486 834 1562 accipit
849 1486 995 1546 veniam:

236 1585 348 1645 iustus
383 1584 502 1661 gratias
538 1603 638 1661 agens
676 1596 821 1645 meretur
851 1586 996 1661 gratiam.

237 1683 286 1743 lbi
309 1699 435 1759 pauper
448 1700 584 1758 gemens
606 1694 638 1743 et
653 1700 751 1742 orans
773 1682 890 1758 accipit
912 1684 1032 1745 elec-,ro

235 1797 428 1857 mosynam:
458 1780 550 1840 dives
572 1780 774 1857 compatiens
796 1790 828 1841 et
849 1780 996 1840 tribuens

236 1890 386 1939 meretur
402 1878 464 1938 Dei
480 1878 749 1939 misericordiam.
780 1878 825 1938 lbi
843 1877 996 1937 sacerdos

237 1978 413 2037 celebrans
436 1976 532 2036 offert
555 1978 662 2036 Deum
688 1976 884 2036 sacrificinm
907 1976 995 2035 omni

237 2074 403 2135 sacrificio
426 2073 574 2150 dignius3
597 2092 655 2150 pro
678 2092 714 2134 se
737 2084 769 2134 et
791 2074 863 2133 aliis
886 2074 997 2134 multis

238 2190 339 2233 orans
362 2181 394 2232 et
415 2189 522 2248 genua
544 2171 697 2232 flectens:
720 2171 763 2231 ibi
787 2172 919 2231 missam
943 2188 996 2230 au·
1008 2188 1033 2228 15

239 2272 336 2331 diens
358 2286 457 2344 saepe
480 2270 709 2346 compungitur
725 2287 829 2347 usque
852 2269 890 2328 ad
906 2268 998 2328 lacri-

239 2386 311 2428 mas
341 2367 456 2427 intime
485 2367 610 2427 dolens.
648 2367 695 2426 lbi
725 2369 862 2426 devotus
892 2376 999 2426 orator

239 2466 326 2526 infra
348 2465 483 2525 missam
506 2464 623 2541 cogitat
644 2481 769 2524 sacram
786 2464 911 2526 Christi
928 2482 998 2540 pas-

239 2563 388 2638 sionem3
424 2563 468 2622 ibi
500 2562 693 2639 peregrinus
722 2562 826 2622 viator
857 2562 998 2621 ambula·

239 2670 336 2720 turus
358 2677 418 2735 per
439 2670 559 2719 terram
582 2669 614 2720 et
630 2677 746 2736 aquam
769 2660 886 2736 accipit
901 2662 1034 2720 bene-ao

239 2758 436 2818 dictionem:
459 2768 490 2817 et
506 2758 582 2817 boni
604 2757 732 2817 itineris
755 2758 870 2817 ducem
889 2758 998 2817 Iesum

241 2856 416 2917 Christum
439 2856 579 2917 amicum
603 2856 743 2916 fidelem.
781 2856 826 2915 lbi
850 2856 1000 2916 minister

240 2953 424 3013 sacerdotis
440 2956 570 3031 supplet
586 2956 776 3031 angelorum
801 2955 919 3029 locum,
941 2971 999 3029 per

240 3052 438 3129 obsequium
452 3053 522 3111 Deo
538 3053 679 3112 maxime
694 3062 836 3129 gratum:
853 3052 895 3111 ibi
912 3069 998 3112 com·

240 3150 417 3211 municans
453 3150 568 3226 recipit
599 3150 843 3210 sanctissimum
880 3166 1035 3226 corpusas

241 3246 455 3307 Dominicnm
477 3248 667 3323 angelorum
685 3247 792 3308 cibum
808 3248 897 3307 omni
913 3248 998 3307 dono

241 3344 484 3421 dignissimum.
542 3345 588 3404 lbi
630 3346 735 3405 iturus
775 3346 814 3405 ad
855 3346 997 3405 laborem

240 3460 302 3518 per
324 3442 412 3501 diem
435 3441 592 3517 accipit-a
615 3443 686 3503 Deo
710 3443 999 3520 confortationem3

240 3540 348 3600 tristis
370 3539 647 3613 consolationem,
675 3539 809 3601 timidus
832 3541 999 3601 fiduciam:

241 3647 461 3714 compunctus
493 3638 711 3697 devotionern.
749 3637 794 3696 lbi
826 3647 1036 3713 temptatusso

241 3736 370 3798 invenit
402 3736 601 3811 remedium3
632 3736 780 3797 anxiatus
810 3737 1000 3797 consilium:

603 3842 643 3882 aot
849 3842 892 3881 20·
