2692 4659
255 689 563 748 mm
606 694 636 737 lx
679 692 1002 747 Qwfflffl

249 828 320 888 stris
335 827 520 905 praeteritis
541 827 569 887 si
585 828 715 888 veniam
735 826 863 903 petitis:
885 835 918 887 et
931 844 1001 902 gra·

247 924 319 985 tiam
342 925 499 1003 quaeritis
528 935 561 985 et
589 925 770 985 custoditis.
814 925 1000 1001 Numquam

243 1022 330 1084 fatue
352 1023 502 1100 cogitetis
524 1039 639 1099 magna
670 1031 703 1083 et
731 1023 794 1082 alta
822 1023 862 1083 de
890 1022 1001 1081 vobis:

240 1137 282 1180 ue
304 1120 427 1181 cadatis
449 1130 621 1197 antequam
644 1120 746 1181 scitis.

279 1217 422 1294 Quando
445 1235 522 1295 ergo
543 1217 652 1294 aliqua
673 1218 758 1278 bona
780 1217 928 1294 cogitatis
947 1216 1024 1276 vels

238 1314 350 1375 dicitis
364 1317 417 1376 vel
440 1315 563 1375 facitis:
586 1332 651 1375 non
673 1318 755 1375 haec
777 1315 871 1375 vobis
893 1315 945 1375 vel
967 1314 1001 1373 in

237 1412 369 1473 modico
405 1413 583 1472 attribuere
619 1412 763 1488 debetis;
798 1412 857 1472 sed
892 1411 1000 1472 statim

237 1510 351 1570 omnia
366 1510 406 1570 ad
423 1511 529 1570 Deum
553 1510 679 1587 integre
695 1510 819 1571 referre
842 1527 916 1570 cum
932 1527 1001 1585 gra·

237 1609 358 1669 tiarum
382 1609 511 1670 actione
541 1608 716 1669 studeatis:
748 1627 765 1669 a
795 1626 860 1685 quo
892 1607 1001 1667 omnia

237 1708 327 1767 bona
354 1708 560 1768 descendunt
589 1725 672 1785 quae
703 1707 738 1767 in
759 1706 853 1766 vobis
884 1722 1038 1781 cogno-10

239 1804 352 1880 scitis,
382 1815 415 1865 et
443 1805 476 1864 in
505 1804 578 1864 aliis
608 1804 738 1865 videtis.
787 1804 907 1866 Omnia
939 1802 999 1863 Dei

240 1902 327 1962 dona
348 1912 441 1976 sunt,
470 1919 553 1979 quae
582 1918 702 1978 corpus
734 1912 766 1961 et
788 1901 927 1960 animam
951 1918 1000 1960 or·

241 2010 335 2060 nant:
359 2001 451 2060 Deus
473 1999 561 2059 enim
584 1998 673 2068 dedit
694 2015 770 2058 esse
792 1998 905 2057 vivere
927 2014 1000 2057 sen·

242 2097 304 2157 tire
325 2113 421 2173 agere
443 2096 631 2156 discernere
654 2103 687 2155 et
701 2096 901 2172 intellegere.
931 2095 999 2154 Ma-

244 2211 305 2270 gna
326 2195 466 2255 caecitas
488 2194 596 2255 cordis
618 2204 678 2269 est,
702 2211 767 2253 non
790 2193 999 2253 considerare
1010 2213 1035 2254 15

209 2333 214 2344 -
245 2292 328 2352 dona
348 2293 474 2352 divina:
504 2302 536 2352 et
557 2301 713 2369 quantum
737 2290 887 2352 Creatori
909 2300 999 2350 tene·

247 2408 317 2450 mur
337 2391 514 2468 regratiari.
543 2389 644 2450 Tanta
665 2398 742 2449 sunt
762 2388 922 2449 beneficia
938 2388 999 2448 Dei

248 2499 279 2548 ut
299 2490 463 2550 numerari
480 2498 660 2565 nequeant:
683 2505 744 2547 nec
766 2486 932 2546 sufficiant
947 2504 1001 2546 ex·

249 2586 364 2661 plicari.
417 2588 572 2649 Graviter
601 2604 679 2664 ergo
710 2595 846 2663 peccaut
877 2595 909 2645 et
943 2602 1002 2661 per

192 2711 193 2738 l
250 2682 507 2761 ingratitudinem
531 2687 637 2746 Deum
660 2684 848 2744 offendunt:
871 2683 925 2760 qui
949 2700 1038 2743 νει-ω

252 2781 298 2841 nis
330 2783 485 2860 implicati
522 2784 656 2843 devotas
688 2784 758 2842 Deo
795 2781 908 2841 laudes
943 2797 1002 2857 pro

253 2877 413 2941 beneficiis
423 2880 495 2941 suis
510 2897 575 2940 non
590 2880 793 2956 persolvunt.
818 2878 912 2938 Vnde
928 2895 1003 2954 apo·
1098 2883 1101 2892 '

254 2978 347 3037 stolus
370 2979 493 3038 Paulus
514 2978 568 3038 ait.
611 2977 743 3038 Gratias
766 2976 850 3052 agite
872 2991 1004 3051 semper

254 3088 302 3145 pro
323 3076 496 3135 omnibus:
525 3074 559 3134 in
581 3074 714 3135 nomine
737 3072 869 3134 Domini
899 3073 1001 3132 nostri

255 3167 317 3231 lesu
340 3173 478 3234 Christi.
522 3173 561 3231 Et
583 3172 688 3231 David
717 3172 751 3231 in
783 3171 942 3231 Psalterio
971 3181 1040 3232 etas

253 3268 365 3330 cithara
385 3287 525 3330 canens:
547 3280 621 3346 post
642 3271 743 3329 multa
757 3268 917 3329 beneficia
939 3270 1003 3328 col·

253 3365 305 3428 lata
328 3370 399 3429 Deo
421 3369 542 3445 gratias
564 3369 714 3428 referens
736 3367 823 3427 dicit.
866 3366 1004 3427 Adiutor

252 3481 338 3527 meus
359 3467 417 3526 tibi
440 3467 592 3543 psallam3
621 3466 697 3543 quia
719 3467 810 3525 Deus
832 3475 1004 3541 susceptor

251 3579 338 3625 neus
359 3582 413 3625 es:
445 3565 537 3624 Deus
558 3581 652 3624 meus
675 3563 900 3623 misericordia
922 3580 1003 3622 mea.

250 3659 282 3722 Et
312 3680 371 3739 per
394 3662 511 3722 isaiam
534 3663 725 3738 prophetam
748 3661 819 3738 ipse
842 3661 1040 3722 Dominusao

248 3760 387 3837 loquitur
418 3761 542 3820 dicens.
591 3760 740 3821 Gloriam
772 3776 877 3819 meam
910 3758 1002 3819 alteri

611 3864 639 3905 oa
