2692 4659
365 667 526 719 mm
544 666 611 709 VITA
628 666 792 709 LIDEWIGIS
807 665 945 709 VIRGINIS
964 665 1123 721 ww

326 801 333 814 '
366 801 519 861 veniente
534 800 568 860 in
579 817 617 860 ea
629 799 770 876 Spiritus
781 800 883 861 sancti
894 800 1006 877 gratia.
1031 801 1123 861 Pater

367 900 438 960 eius
462 900 579 959 Petrus
604 898 787 973 dicebatur3
816 898 870 975 qui
900 898 977 958 iicet
1006 898 1121 958 nobilis

367 1008 456 1057 esset
490 1014 611 1074 genere
646 996 827 1056 secundum
864 996 986 1056 saeculi
1025 995 1121 1072 digni·

366 1105 481 1155 tatem:
504 1105 612 1155 tamen
628 1095 699 1154 Deo
715 1094 923 1170 permittente
946 1094 985 1153 ad
1004 1103 1118 1154 tantam

344 1193 498 1253 sdevenit
522 1201 762 1268 paupertatem;
791 1200 826 1251 ut
854 1202 1003 1267 tempore
1032 1190 1120 1251 ducis

367 1290 531 1350 Wilhelmi
563 1289 619 1349 filii
641 1288 767 1349 Alberti
798 1288 891 1349 ducis
913 1289 946 1349 in
969 1289 1119 1349 comitatu

368 1387 561 1447 Hollandiae
599 1397 776 1446 nocturnas
815 1386 943 1462 vigilias
984 1387 1119 1447 civitatis
1157 1451 1159 1462 Ι

367 1485 599 1560 custodiendo,
628 1485 750 1545 victum
776 1495 807 1545 et
829 1485 1019 1544 necessaria
1040 1484 1119 1545 vitae
1157 1487 1159 1492 '

367 1582 580 1660 quaesitaret:
610 1583 696 1643 unde
727 1600 762 1642 se
792 1593 823 1643 et
845 1600 938 1643 suam
968 1582 1118 1643 familiam
1157 1587 1159 1594 '

333 1700 357 1740 ro
367 1692 590 1756 competenter
605 1691 812 1741 sustentaret.
838 1682 903 1741 iste
916 1682 1035 1742 Petrus
1050 1698 1118 1741 cum

366 1777 548 1837 secundum
577 1795 785 1839 communem
815 1780 1033 1839 saecularium
1058 1795 1120 1839 mo·

367 1876 442 1935 dum
466 1893 525 1952 per
546 1878 672 1955 aliquos
695 1895 798 1937 annos
828 1879 926 1939 vitam
956 1877 989 1936 in
1014 1876 1121 1937 multis
1157 1881 1159 1896 '

366 1974 531 2034 laboribus
562 1975 755 2051 simpliciter
786 1976 967 2052 exegisset:
1000 1974 1121 2050 accepit

367 2089 501 2133 uxorem
542 2073 675 2132 nomine
718 2074 947 2149 Petroniilam,
988 2088 1120 2150 magnae

333 2189 356 2229 rs
366 2170 534 2245 probitatis
550 2182 581 2232 et
596 2171 726 2232 virtutis
740 2173 906 2249 feminam,
921 2190 982 2233 suo
998 2170 1120 2232 nomini

366 2286 402 2328 ac
431 2270 640 2346 generositati
664 2282 916 2347 congruentem3
945 2287 1030 2347 quae
1054 2270 1121 2329 Deo

367 2377 551 2442 praestante
585 2370 761 2430 multorum
799 2370 940 2429 filiorum
976 2368 1123 2445 germine

367 2465 491 2525 floruit:
514 2483 550 2525 ac
567 2467 673 2526 Deum
697 2467 852 2543 timendo,
875 2468 1009 2528 domurn
1033 2483 1123 2525 suam

367 2564 505 2623 honeste
529 2580 642 2639 regere
665 2565 798 2626 studuit.
830 2566 919 2626 Haec
942 2574 1017 2625 octo
1041 2564 1123 2623 iiiios

330 2671 398 2721 aoet
413 2678 509 2720 unam
527 2660 624 2721 filiam
642 2663 775 2722 nomine
791 2663 986 2739 Lidewigem
1003 2662 1124 2739 genuit,

366 2775 461 2833 quarn
493 2759 622 2833 quidam
654 2760 757 2820 Latini
786 2761 908 2820 Lidiam
938 2760 1141 2832 nominant3v

367 2856 406 2915 de
429 2873 492 2931 qua
513 2873 671 2931 praesens
695 2874 804 2917 sermo
827 2858 886 2917 fari
904 2858 1020 2935 gestit:
1043 2873 1124 2936 quae

366 2971 425 3029 per
455 2972 525 3014 eam
556 2955 647 3014 Deus
679 2955 839 3014 mirabilia
871 2973 980 3016 coram
1014 2956 1124 3016 multis

366 3052 504 3112 testibus
525 3053 636 3128 gessit.
666 3051 753 3113 Cum
776 3052 874 3129 igitur
896 3063 1000 3113 mater
1022 3064 1123 3114 tanto·

330 3167 357 3207 25
367 3166 438 3207 rum
450 3149 590 3209 filiorum
602 3149 739 3226 inportu
752 3150 966 3226 singulorum,
975 3166 1123 3227 magnam

366 3245 590 3308 difficultatem
602 3266 698 3323 passa
710 3248 842 3310 fuisset:
858 3248 891 3307 in
903 3248 1004 3308 huius
1016 3258 1124 3309 tamen

367 3343 451 3404 filiae
474 3346 640 3406 nativitate
662 3347 785 3405 nuliam
809 3346 878 3405 iere
900 3346 1006 3405 sensit
1021 3345 1123 3422 gravi-

366 3453 474 3503 tatem.
518 3443 600 3502 Nam
623 3443 657 3502 in
688 3443 739 3503 die
766 3443 945 3518 palmarum
975 3442 1124 3519 ingressa

366 3541 539 3600 ecclesiam
562 3542 638 3600 dum
662 3540 723 3599 sibi
750 3551 879 3615 tempus
901 3540 1050 3615 pariendi
1073 3541 1125 3601 ad·

330 3655 441 3699 soesse
464 3639 610 3714 sentiret,
635 3656 708 3698 cum
732 3638 898 3698 celeritate
920 3638 1056 3699 domum
1080 3639 1126 3699 in·

366 3737 477 3797 travit:
500 3748 531 3798 et
554 3737 645 3813 quasi
669 3738 741 3796 sine
764 3753 880 3812 magno
903 3736 1018 3797 dolore
1041 3738 1126 3798 inira

724 3841 765 3881 322
