2692 4659
372 716 533 768 (ΨΜΨ
560 715 723 758 sannouns
737 716 778 757 nn
795 715 944 758 uovrcros
970 717 1128 769 ww

374 848 528 926 Cumque
564 859 676 909 cantor
712 849 956 925 responsorium
991 850 1129 910 Pulchra

374 946 456 1006 facie
472 946 568 1007 altius
583 946 778 1022 incepisset:
794 956 826 1007 et
842 957 1026 1007 conventus
1040 948 1128 1007 chori

373 1043 466 1104 laetis
477 1044 614 1104 vocibus
629 1044 668 1103 ad
679 1045 838 1104 honorem
850 1055 981 1105 sanctae
994 1045 1129 1123 Agnetis

373 1141 541 1200 residuum
564 1150 820 1218 prosequeretur
837 1142 954 1203 devote
970 1143 1127 1203 cantando

331 1248 405 1299 -set
427 1238 604 1315 laudando;
627 1238 734 1314 coepit
757 1238 856 1297 frater
877 1238 987 1298 laesus
1010 1239 1129 1315 pariter

373 1337 558 1411 concinere,
569 1346 601 1396 et
612 1336 1128 1413 sanctamAgnetemdilectamet

372 1434 545 1511 benignam
561 1442 729 1509 patronam
752 1450 844 1492 suam
868 1435 1062 1511 suppliciter
1084 1436 1127 1495 in·

371 1549 505 1592 vocare:
528 1541 562 1591 ut
577 1531 610 1591 in
627 1531 687 1590 hac
703 1530 783 1589 hora
805 1530 866 1590 sibi
890 1532 1084 1593 subveniret
1099 1542 1128 1592 et

371 1630 411 1689 de
433 1630 495 1690 ista
517 1629 662 1688 laesione
686 1628 847 1689 liberaret.
880 1629 919 1689 Et
934 1646 952 1689 o
968 1629 1052 1689 mira
1068 1628 1127 1689 Dei

338 1726 546 1787 roclementia
567 1737 600 1787 et
619 1744 716 1803 quam
739 1726 916 1786 ineffabilis
931 1726 1036 1787 virtus
1057 1727 1127 1787 eius

372 1834 403 1885 et
418 1825 578 1901 potentia:
600 1824 655 1901 qui
677 1841 742 1884 non
758 1824 880 1885 deserit
902 1834 1074 1900 sperantes
1095 1825 1127 1884 in

372 1939 408 1982 se
419 1923 459 1982 de
470 1940 677 2000 quacumque
692 1923 900 1983 tribulatione
917 1923 1127 1984 clamaverint

371 2022 410 2082 ad
426 2039 511 2081 eum.
541 2022 655 2082 Statim
679 2038 819 2098 namque
842 2039 915 2081 cum
932 2023 1014 2082 haec
1029 2022 1127 2082 verba

372 2136 446 2179 cum
462 2128 625 2179 conventu
641 2128 782 2196 caneret,
804 2119 971 2180 intercede
987 2137 1045 2196 pro
1062 2136 1127 2179 om-

339 2217 469 2276 renibus
484 2217 597 2292 nobis;
619 2217 723 2277 sensit
739 2217 900 2293 quendam
917 2217 1078 2293 pruritum
1094 2217 1126 2276 in

371 2314 475 2389 palato
490 2314 641 2391 gutturiS,
663 2315 835 2391 coepitque
855 2332 968 2391 parum
991 2316 1127 2376 tussire:

371 2420 402 2471 et
417 2412 451 2471 in
466 2412 599 2472 instanti
622 2429 696 2471 cum
713 2412 814 2471 saliva
834 2412 901 2472 oris
920 2414 1033 2489 expuit
1055 2431 1127 2474 acu·
1162 2393 1165 2405 ’

370 2510 457 2569 leum
473 2510 574 2586 piscis
590 2509 662 2569 sine
673 2509 785 2570 dolore
802 2510 852 2569 sui
863 2510 1013 2587 gutturis.
1036 2509 1126 2570 Tunc
1164 2556 1165 2560 ,

370 2608 477 2667 alacer
492 2608 631 2667 effectus
645 2607 764 2684 gratias
780 2608 844 2684 egit
861 2607 931 2668 Deo
948 2616 980 2667 et
995 2618 1126 2668 sanctae

333 2705 487 2782 aoAgneti
510 2705 644 2782 virgini:
667 2705 753 2782 quod
776 2715 840 2765 tam
863 2705 926 2766 cito
951 2706 1125 2765 meruisset

370 2802 515 2862 exaudiri
532 2812 564 2863 et
576 2803 692 2862 curari.
716 2802 830 2862 Finitis
846 2812 954 2863 autem
965 2803 1126 2880 vesperis,

370 2900 489 2960 mansit
518 2901 654 2961 silenter
675 2900 708 2959 in
732 2902 831 2960 choro
854 2910 1068 2976 prosternens
1089 2917 1125 2961 se

369 2997 537 3057 humiliter
547 3014 647 3073 super
657 2998 835 3057 scabellum
848 2999 967 3074 pedum
980 3016 1125 3072 suorum,

369 3095 547 3155 osculando
558 3095 782 3171 pavimentum
798 3113 946 3156 asserum
958 3114 998 3157 ex
1009 3096 1124 3156 intimo

333 3209 361 3249 25
369 3192 477 3252 cordis
492 3192 628 3253 affectu:
651 3195 879 3270 congratulans
895 3194 928 3253 in
944 3204 1073 3255 secreto
1085 3194 1125 3253 de

369 3299 457 3350 tanto
487 3291 647 3351 beneflcio
678 3291 804 3352 meritis
833 3301 964 3352 sanctae
987 3292 1125 3368 Agnetis

369 3387 430 3447 sibi
454 3389 580 3449 collato.
618 3390 746 3449 Deinde
768 3390 883 3450 volens
905 3389 1008 3466 magis
1031 3390 1126 3449 certi·

358 3469 458 3545 ‘ficari
481 3487 521 3547 de
543 3487 707 3564 praesenti
739 3488 839 3563 fact03
861 3485 1024 3563 quaesivit
1051 3503 1127 3546 acu-

369 3583 456 3643 leum
472 3585 573 3660 piscis
595 3602 635 3645 ex
650 3602 706 3644 ore
722 3584 920 3660 proiectum:
943 3593 975 3643 et
998 3583 1128 3646 invenit

332 3698 443 3741 aoeum
466 3681 500 3741 in
522 3700 621 3742 arena
642 3683 840 3758 prolapsum.
877 3682 986 3758 Quem
1008 3698 1127 3743 secum

368 3780 487 3839 tollens
509 3780 548 3840 ad
571 3780 704 3854 cellam,
733 3780 842 3855 posuit
870 3779 959 3839 iuxta
990 3791 1127 3842 sanctae

725 3884 766 3925 272
