2692 4659
309 680 471 733 (amm
489 677 557 722 vl'sll
573 676 737 721 LlDEWlGIS
752 678 891 722 VIRGINIS
907 680 1065 734 mm

525 759 535 785 t

311 814 421 874 odoris
443 824 476 875 et
497 813 617 874 coloris
646 813 801 890 incogniti
831 813 910 890 ligni
941 814 1064 891 conspi-

311 920 440 972 cerent:
463 922 560 988 atque
583 929 640 987 pro
664 911 848 972 reverentia
870 922 903 972 et
924 914 1064 973 novitate

311 1010 438 1070 decisas
474 1009 630 1087 reliquias
665 1010 869 1086 raptitarent3
913 1011 1064 1071 sacerdos

311 1108 513 1184 stupefactus
528 1125 593 1167 non
609 1108 778 1168 sustinens
788 1108 928 1184 amplius
946 1109 1063 1185 lignum

288 1206 478 1266 simminui:
501 1206 539 1265 ad
555 1205 716 1282 virginem
739 1206 935 1282 quantocius
959 1223 1063 1283 repor-

310 1304 404 1365 tabat.
433 1304 540 1380 Quam
556 1321 630 1363 cum
653 1304 887 1381 interrogasset
902 1306 992 1365 unde
1007 1304 1061 1364 sibi

311 1403 372 1461 hoc
402 1401 604 1476 advenisset,
633 1411 666 1461 et
687 1401 781 1461 cuius
802 1401 934 1478 generis
964 1412 1061 1474 esset3

311 1500 365 1559 illa
377 1499 588 1576 quidditatem
606 1498 678 1558 eius
694 1516 730 1559 se
745 1499 875 1559 nescire
892 1500 1060 1561 fatebatur:

311 1598 442 1657 modum
473 1606 581 1657 tamen
611 1597 837 1674 acquisitionis
866 1597 939 1658 eius
963 1615 1061 1658 sacer·

277 1695 376 1755 rodoti
394 1694 557 1755 indicavit.
588 1695 707 1755 Postea
717 1712 796 1755 vero
812 1695 845 1754 in
862 1695 948 1756 festo
965 1695 1059 1757 sancti

311 1792 445 1871 Cyriaci
468 1792 631 1869 martyris,
653 1810 808 1853 reversus
823 1794 961 1870 angelus
978 1810 1060 1855 more

311 1891 406 1951 solito
423 1907 494 1950 eam
517 1891 556 1950 ad
579 1908 717 1951 amoena
730 1892 877 1967 paradisi
901 1893 1062 1968 perduxit:

311 1999 342 2049 et
364 1990 467 2064 ipsam
490 1990 530 2049 de
553 1988 630 2065 ligni
661 1998 848 2065 contemptu
875 1991 1062 2067 corripiens
1104 1987 1106 2070 ἶ

311 2086 383 2145 eius
415 2085 603 2162 dignitatem
640 2097 672 2146 et
703 2088 810 2146 locum
848 2105 884 2146 ac
917 2089 1060 2149 arborem

278 2186 397 2244 rsunde
414 2185 493 2244 illud
515 2185 721 2260 confregerat
735 2185 942 2261 apertissime
959 2195 1062 2246 osten·

312 2283 366 2342 dit.
404 2282 531 2342 Deinde
560 2283 598 2342 ad
627 2299 664 2342 se
687 2300 819 2342 reversa
845 2300 929 2359 quae
951 2284 991 2343 ab
1014 2301 1062 2343 an·

311 2381 384 2457 gelo
406 2381 579 2454 didicerat,
602 2380 784 2439 confessori
808 2398 867 2440 suo
891 2398 931 2440 ex
953 2382 1063 2442 ordine

312 2478 507 2554 propalavit:
529 2478 645 2537 dolens
667 2479 754 2554 quod
784 2478 863 2538 illud
893 2478 937 2538 ita
966 2480 1064 2539 mino·

312 2576 374 2635 rari
412 2576 543 2635 fecerat.
587 2575 672 2636 Cum
710 2593 786 2651 ergo
822 2594 935 2636 rumor
971 2578 1065 2637 huius

276 2674 467 2733 200d0riferi
490 2672 567 2750 ligni
584 2673 708 2748 vulgari
732 2673 912 2748 coepisset:
928 2684 960 2734 et
977 2673 1063 2734 multi

313 2773 392 2833 illud
407 2773 519 2832 videre
542 2781 573 2831 et
595 2781 728 2847 tangere
750 2781 908 2847 optarent,
931 2772 1065 2850 eiusque

313 2888 410 2930 causa
426 2870 615 2946 frequentes
630 2869 834 2930 visitationes
845 2871 937 2947 virgo
953 2872 1066 2948 pudica

313 2977 493 3043 pateretur3
515 2968 632 3027 accidit
648 2967 734 3044 quod
752 2977 883 3044 propter
898 2969 1064 3029 cuiusdam

313 3065 455 3125 hominis
491 3073 661 3139 attactum,
699 3064 906 3142 fragrantiam
944 3066 1064 3126 suavis·

276 3162 387 3222 assimi
404 3162 513 3222 odoris
534 3162 655 3238 lignum
673 3162 873 3237 praedictum
895 3164 1064 3224 amitteret.

314 3258 456 3335 Ideoque
478 3259 548 3334 ipsa
559 3259 649 3336 virgo
665 3259 778 3334 doluit,
800 3260 876 3337 quia
898 3263 961 3321 hoc
977 3258 1063 3321 alteri

313 3366 481 3416 ostensum
495 3356 616 3416 fuerat:
631 3366 763 3433 propter
774 3357 868 3417 cuius
884 3369 1063 3420 contactum

313 3455 393 3514 odor
423 3453 574 3514 caelestis
611 3453 779 3529 expiravit.
823 3454 925 3515 Solita
960 3467 1063 3517 autem

313 3562 380 3611 erat
409 3552 535 3627 dicere,
564 3552 650 3628 quod
680 3569 738 3628 per
767 3554 828 3612 hoc
858 3552 982 3629 lignum
1006 3555 1064 3614 dia-

276 3647 408 3708 aobolus
430 3648 636 3725 castigandus
659 3659 763 3709 esset:
785 3649 870 3709 sicut
892 3651 932 3710 ab
954 3650 1064 3728 angelo

314 3755 426 3805 sancto
449 3745 614 3806 didicerat.

670 3850 712 3892 aaz
