2692 4659
362 683 523 735 &om
551 682 714 724 sermones
730 683 769 723 no
787 682 935 725 novrc1os
960 683 1124 735 teuzo-fem

363 816 404 875 lis
439 833 605 875 securam:
641 816 799 892 largiente
835 816 976 876 Domino
1007 825 1123 877 nostro

365 914 439 973 lesu
455 913 590 975 Christo
605 913 885 973 intercedentibus
900 914 1022 974 sanctis
1037 932 1123 974 mar-

363 1012 489 1090 tyribus
511 1012 581 1071 suis
600 1011 654 1070 diu
672 1011 887 1071 desideratam
903 1012 996 1071 vobis
1018 1022 1124 1073 aeter·

362 1127 424 1169 nae
446 1109 531 1169 vitae
554 1127 717 1169 coronam.
760 1108 877 1169 Amen.

340 1327 354 1366 5
411 1313 468 1372 DE
491 1311 742 1374 COTIDIANO
766 1312 996 1374 MARTYRIO
1022 1313 1073 1373 ET

411 1409 551 1470 BELLO
576 1410 620 1470 IN
645 1408 782 1470 STATV
806 1410 1072 1471 RELIGIONIS.

650 1559 769 1609 SERMO
787 1559 830 1608 XI.

362 1635 623 1866 &Veniam
630 1701 800 1771 propterte
810 1696 1121 1771 mortificamurtota

503 1794 574 1852 die:
604 1793 768 1852 aestimati
795 1809 906 1852 sumus
935 1793 1020 1853 sicut
1046 1810 1121 1855 oves

328 1892 539 1952 inoccisiom’s.
592 1890 710 1951 Dilecti
743 1891 860 1950 iratres
890 1892 974 1951 bene
1010 1902 1120 1952 notate

361 1992 460 2050 verba
482 1991 544 2049 ista
565 1989 598 2048 in
620 1989 754 2049 auribus
776 1989 896 2049 vestris
924 1989 988 2048 iam
1020 1990 1119 2050 lecta:

361 2106 444 2166 quae
475 2089 569 2148 valde
600 2087 774 2147 salubriter
809 2105 867 2163 pro
902 2087 1119 2148 instructione

360 2195 470 2245 vestra
491 2185 545 2244 diu
567 2195 642 2245 ante
663 2185 864 2245 nativitatem
887 2194 1029 2245 vestram
1061 2203 1120 2261 per

361 2285 551 2360 prophetam
575 2284 608 2343 in
630 2283 756 2358 psalmo
786 2292 862 2342 sunt
884 2284 1119 2358 praenuntiata.

327 2382 561 2442 15Benedictus
577 2383 668 2441 Deus
683 2380 738 2457 qui
755 2380 883 2440 vocavit
897 2398 956 2440 vos
972 2382 1012 2441 de
1028 2399 1119 2457 prae-

360 2480 444 2540 senti
467 2481 599 2540 saeculo
622 2497 774 2556 nequam,
796 2479 829 2538 in
852 2496 916 2554 quo
934 2478 1119 2553 periclitan-

360 2588 412 2637 tur
440 2578 532 2638 multi
562 2578 595 2637 in
624 2594 761 2653 corpore
791 2586 823 2636 et
846 2576 880 2635 in
912 2576 1036 2637 anima:
1068 2595 1119 2637 se-

361 2685 500 2751 quentes
523 2676 630 2735 camis
652 2675 814 2736 desideria
837 2684 869 2734 et
885 2675 1039 2750 fugitivos
1062 2678 1118 2736 ho·

360 2791 467 2833 nores.
510 2772 626 2833 Videte
649 2791 725 2849 ergo
748 2773 952 2833 vocationem
974 2783 1118 2834 vestram

324 2887 352 2927 2⁰
360 2872 399 2931 ad
421 2870 704 2947 congregationem
721 2869 815 2929 istam
839 2889 856 2930 a
872 2873 943 2932 Deo
959 2882 1118 2948 paratam:

359 2970 392 3029 in
415 2987 478 3046 qua
499 2968 679 3045 promereri
696 2967 834 3043 potestis
855 2969 946 3029 brevi
969 2979 1118 3045 tempore

359 3085 432 3127 cum
445 3066 573 3126 modico
589 3067 699 3126 labore
710 3065 808 3125 vitam
825 3076 1000 3126 aeternam.
1033 3067 1118 3125 Ecce

360 3165 550 3241 religionem
574 3165 736 3240 intrastis,
765 3174 881 3240 sponte
903 3164 1045 3240 propriis
1067 3181 1117 3223 re·

360 3263 550 3338 nuntiastis;
573 3272 605 3323 et
626 3263 865 3338 quodammodo
888 3263 1009 3321 mundo
1031 3279 1118 3321 mor-

322 3360 404 3419 estui
421 3360 518 3420 estis:
540 3369 594 3420 aut
610 3360 703 3437 quasi
719 3369 866 3420 mortuos
882 3360 915 3419 in
931 3359 1117 3435 sepulchris

358 3474 417 3516 vos
440 3466 590 3532 reputare
612 3458 747 3518 debetis.
789 3458 861 3518 Hoc
883 3456 1004 3517 etenim
1027 3457 1116 3516 habi·

358 3564 411 3614 tus
432 3563 542 3613 vester
565 3555 644 3614 ioris
666 3556 818 3630 ostendit,
840 3556 977 3615 etfama
998 3555 1038 3614 de
1061 3573 1116 3615 vo-

358 3652 409 3711 bis
434 3651 565 3711 transit:
596 3652 683 3728 quod
714 3652 754 3711 de
786 3652 906 3711 mundo
938 3669 1004 3711 non
1035 3652 1116 3711 estis

358 3751 416 3809 sed
440 3749 495 3809 filii
513 3749 574 3809 Dei
597 3750 719 3809 excelsi
735 3766 860 3809 omnes.
890 3749 1012 3809 Dicunt
1027 3749 1115 3809 enim

723 3853 749 3895 ro
