2692 4659
260 633 1021 686 ffiffiffiffiusfflfflmfflw

262 767 325 828 diri
357 784 399 827 ne
430 776 629 842 murmuret,
659 767 818 843 castigare
848 784 890 827 ne
922 766 1021 826 recal-

262 865 374 926 citret:
405 866 567 926 consolari
590 884 632 926 ne
654 867 823 943 desperet,
852 866 1022 941 increpare

261 980 307 1022 ne
327 963 507 1039 pigrescat,
535 964 710 1041 subiugare
739 982 781 1024 ne
809 964 1021 1037 intumescat3

262 1061 449 1120 confortare
470 1078 512 1120 ne
541 1060 686 1135 deliciat,
715 1071 887 1137 percutere
909 1078 950 1121 ne
973 1078 1021 1120 re·

261 1159 367 1234 sistat,
396 1158 559 1219 instruere
582 1175 624 1219 ne
646 1169 749 1234 erret,
778 1159 957 1235 reprimere
979 1175 1045 1218 nes

261 1257 456 1317 insolescat:
485 1257 620 1333 diligere
649 1266 796 1317 naturam
825 1267 860 1317 ut
888 1257 1021 1332 sociam,

261 1356 353 1416 odire
376 1371 456 1415 vero
485 1354 652 1415 lasciviam
682 1365 716 1416 ut
738 1355 852 1415 mortis
883 1355 1020 1414 foveam.

261 1453 415 1529 Denique
431 1469 562 1512 carnem
578 1452 729 1513 occidere
749 1453 922 1513 nonlicet:
944 1471 963 1512 a
984 1471 1020 1513 se

260 1552 424 1627 repellere
446 1567 542 1611 nemo
558 1552 659 1627 valet3
682 1551 758 1611 huic
778 1549 932 1611 oboedire
955 1568 1019 1610 non

261 1659 407 1725 oportet,
437 1648 524 1707 credi
547 1648 609 1708 sibi
632 1647 696 1709 cito
718 1666 783 1708 non
806 1648 918 1723 debet,
944 1648 1057 1708 alla-ro

260 1746 365 1807 bulari
399 1764 464 1806 non
494 1746 640 1822 expedit:
671 1746 816 1806 arridere
847 1745 1021 1821 praecipue

260 1853 368 1905 nocet.
420 1843 509 1921 Quid
545 1860 622 1919 ergo
655 1843 737 1904 liet?
788 1842 915 1903 Serviat
947 1860 1020 1902 caro

260 1940 403 2017 spiritui,
419 1950 535 2017 sponte
550 1940 711 2017 oboediat,
726 1941 859 2016 laboret,
875 1940 1021 2014 desudet,

260 2038 404 2114 ieiunet,
433 2047 559 2115 surgat,
581 2038 709 2114 vigilet,
738 2048 824 2113 oret,
846 2048 968 2113 cantet,
990 2048 1022 2098 et

261 2139 388 2198 laudet:
418 2137 522 2196 donec
543 2145 617 2212 post
638 2136 773 2196 brevem
803 2137 947 2195 laborem
970 2153 1021 2195 ae·
1033 2151 1058 2192 15

261 2243 389 2295 ternam
422 2233 569 2309 requiem
599 2233 745 2310 accipiat.
789 2235 882 2294 Hanc
913 2233 1021 2310 itaque

261 2349 395 2392 carnem
424 2331 570 2408 fragilem
593 2332 762 2391 mortalem
786 2327 1022 2407 concupiscibi-

261 2430 344 2505 lem,
374 2429 565 2489 indomitam
588 2441 620 2490 et
641 2446 741 2505 saepe
768 2429 895 2506 spiritui
919 2429 1021 2489 rebel·

261 2528 342 2603 lem,
370 2526 452 2587 ratio
475 2543 589 2603 regere
618 2528 715 2588 debet
743 2537 774 2587 et
796 2527 893 2587 timor
922 2527 1022 2587 refre-

260 2641 357 2700 nare,
389 2625 546 2684 honestas
568 2625 747 2700 moderari,
776 2624 948 2701 disciplina
969 2638 1057 2684 co-zo

261 2723 397 2798 hibere3
432 2722 577 2798 probitas
612 2723 788 2798 adornare,
824 2722 1022 2782 verecundia

261 2831 391 2898 tegere,
419 2819 580 2880 sobrietas
601 2829 803 2896 temperare,
827 2819 950 2880 iustitia
971 2837 1021 2879 ca-

260 2918 382 2995 stigare
404 2933 479 2976 cum
507 2925 636 2992 peccat:
665 2917 837 2992 prudentia
858 2917 1020 2977 instruere

260 3032 337 3076 cum
360 3024 456 3088 errat,
478 3013 631 3074 discretio
649 3014 858 3074 considerare
880 3031 922 3074 ne
944 3014 1021 3090 quid

260 3113 401 3174 nimium
425 3112 488 3172 liat,
531 3111 672 3188 Spiritus
694 3113 803 3190 itaque
819 3111 928 3171 omnia
950 3128 1057 3187 per-25

245 3221 414 3272 'scrutans
444 3220 607 3288 tamquam
639 3221 794 3271 strenuus
825 3211 1021 3286 gubernator

260 3309 437 3386 diligenter
457 3309 496 3368 ad
518 3309 681 3369 carnalem
711 3317 854 3368 mentem
878 3317 909 3367 et
931 3306 1021 3366 iuve-

260 3408 362 3467 nilem
386 3406 530 3467 animum
546 3406 709 3483 respiciat,
731 3424 773 3466 ne
795 3405 925 3482 proprio
948 3422 1021 3465 sen-

260 3504 313 3565 sui
336 3504 522 3580 inhaereat3
543 3521 585 3565 ne
607 3504 673 3566 otio
691 3513 826 3581 torpeat,
848 3521 889 3564 ne
912 3503 1021 3563 mollia

260 3612 407 3679 quaerat,
429 3610 461 3661 et
480 3618 564 3677 quae
587 3601 704 3677 rigoris
726 3611 802 3661 sunt
825 3601 940 3677 fugiat:
962 3601 1057 3660 sedao

260 3702 300 3761 ad
324 3700 483 3760 orandum
499 3698 563 3759 cito
585 3709 705 3775 surgat,
727 3700 766 3758 ad
782 3701 917 3759 chorum
940 3708 1019 3758 tem·

622 3803 660 3845 ras
