2692 4659
256 669 592 748 wwwww
621 696 680 737 nn
707 695 1028 748 wwwww
1086 657 1088 663 ’

278 834 357 887 tuam
388 828 487 904 igitur
515 828 723 889 collationem
753 838 784 888 et
814 828 846 888 in
875 828 1027 905 precibus

256 897 261 1004 Ρ
280 927 625 987 recommendationem
648 944 685 986 ac
703 926 863 986 fraternae
885 927 1027 986 caritatis

257 1013 267 1052 ³
279 1024 500 1100 obligationem
510 1043 518 1100 ;
529 1042 636 1084 novus
646 1024 830 1084 tirunculus
841 1025 916 1084 novi
927 1035 1027 1084 certa·

278 1122 368 1181 minis
384 1122 469 1181 bella
491 1139 740 1199 congressurus,
762 1139 915 1198 egressus
938 1131 987 1182 est
1009 1140 1027 1181 a

280 1231 450 1295 conspectu
473 1220 611 1297 virginis
642 1220 802 1297 sagaciter
832 1220 1050 1281 instructus:5

278 1318 406 1391 patriam
424 1336 515 1377 suam
533 1327 565 1378 et
580 1327 735 1395 cognatos
751 1319 834 1377 ultra
848 1335 1024 1395 numquam

277 1416 450 1476 revisurus
480 1415 663 1492 Peragratis
679 1433 756 1492 ergo
772 1417 916 1492 partibus
932 1434 1027 1493 supe-

276 1514 412 1574 rioribus
447 1514 629 1590 ingreditur
663 1514 866 1590 superiorem
899 1513 1026 1592 Aegyp-

276 1620 355 1671 tum:
388 1611 483 1671 cuius
515 1613 643 1673 deserta
675 1622 867 1689 penetrans,
902 1600 1026 1672 invenit

275 1710 433 1784 cellulam,
448 1720 580 1785 propter
591 1710 686 1787 lupos
702 1721 734 1770 et
745 1710 887 1770 ferarum
904 1709 1024 1768 rabiem
1038 1732 1062 1772 ro

274 1805 303 1865 in
319 1807 435 1866 arbore
451 1808 556 1868 sitam.
589 1807 776 1868 Adduxerat
790 1817 897 1867 autem
914 1824 1025 1866 secum

273 1905 351 1963 duos
368 1904 477 1964 socios
492 1905 640 1965 eiusdem
653 1906 841 1967 eremiticae
853 1922 1026 1965 conversa-

273 2002 369 2062 tionis
384 2002 487 2079 gratia
508 2012 628 2078 tactos;
650 2003 706 2080 qui
722 2003 835 2079 paucis
851 2002 967 2061 diebus
982 2002 1026 2061 ibi

272 2100 411 2174 peractis
434 2101 498 2159 heu
521 2101 560 2159 ad
582 2100 719 2175 pristina
750 2100 932 2160 redierunt:
968 2101 1026 2159 sed

272 2196 441 2257 Gerardus
468 2197 500 2256 in
523 2209 652 2275 arrepto
682 2198 848 2274 proposito
877 2209 1061 2263 constan-rs

271 2295 397 2353 tissime
414 2295 604 2371 perdurans,
627 2295 762 2356 Christo
785 2296 867 2355 duce
889 2297 928 2356 ad
951 2314 1025 2357 con·

270 2393 516 2468 templationum
532 2393 675 2453 culmina
690 2394 845 2453 ascendit.
878 2394 978 2471 Igitur
992 2394 1025 2454 in

271 2493 330 2550 liae
342 2501 433 2551 vasta
448 2491 624 2551 solitudine
640 2491 754 2550 decem
771 2499 802 2549 et
813 2501 938 2567 septem
957 2493 1025 2552 fere

269 2589 365 2648 annis
396 2588 583 2665 completis3
613 2586 731 2647 accidit
753 2586 878 2648 interea
900 2600 934 2649 ut
956 2591 1025 2666 qui·

269 2688 342 2746 dam
366 2685 541 2761 episcopus
563 2685 603 2745 de
623 2685 769 2761 partibus
791 2686 928 2762 Angliae
950 2703 1060 2750 cumao

268 2785 397 2844 duobus
420 2783 519 2843 sociis
541 2783 580 2842 ad
604 2783 802 2842 visitandum
826 2784 897 2842 loca
918 2793 1025 2843 terrae

268 2891 401 2941 sanctae
424 2880 627 2958 perveniret:
657 2898 693 2940 ac
717 2881 834 2940 deinde
856 2882 895 2940 ad
918 2881 1025 2941 visen·

267 2983 344 3040 dum
362 2978 517 3056 reliquias
532 2988 664 3038 sanctae
681 2978 878 3039 Catharinae
890 2980 1024 3056 virginis

267 3089 299 3139 et
323 3078 476 3154 martyris
497 3077 530 3136 in
547 3089 657 3137 monte
674 3077 762 3137 Sinai
786 3095 859 3137 cum
882 3077 932 3137 eis
954 3093 1024 3153 per-

267 3175 361 3236 rexit.
392 3174 458 3252 Qui
474 3174 572 3233 simili
585 3174 759 3234 devotione
775 3175 960 3251 combinati,
976 3194 1024 3235 re·
1032 3196 1060 3237 25

267 3282 490 3333 memorantes
501 3284 687 3332 sanctorum
698 3270 1023 3350 patruminAegypto

265 3369 571 3446 conversationem,
608 3379 727 3429 terram
758 3370 846 3430 illam
884 3370 1022 3447 ingressi

265 3477 360 3526 sunt:
384 3475 418 3526 ut
433 3477 630 3542 quaererent
650 3468 677 3527 si
701 3468 783 3527 forte
805 3468 932 3544 aliquos
955 3484 1024 3526 ere·

264 3563 415 3624 mitariae
426 3563 512 3625 vitae
524 3575 632 3640 patres
649 3566 846 3627 invenirent.
870 3565 1023 3642 Cumque

264 3663 344 3722 hinc
361 3662 437 3723 inde
453 3665 643 3723 oberrantes
660 3682 764 3741 usque
780 3664 819 3723 ad
835 3663 1059 3740 superioresao

264 3762 340 3821 eius
362 3771 471 3837 partes
483 3762 667 3822 venissent:
687 3761 853 3837 reperiunt
872 3762 1021 3821 cellulam

293 3867 445 3911 Thomaeali.
454 3866 538 3920 Opera.
549 3866 587 3909 Vl.
626 3868 664 3908 401
890 3866 917 3907 26
