2692 4659
323 677 484 730 (mm
501 675 902 721 v1TnL1oEW1G18vlltGlrtls
919 677 1074 731 &m

323 819 449 887 septem
486 811 555 871 lere
591 829 695 871 annos
730 828 805 871 eum
837 811 870 872 in
902 812 1075 872 solitudine

323 908 500 985 peregisse.
530 907 581 969 Ad
597 910 778 969 secundum
794 926 873 969 vero
889 909 942 985 ait,
966 911 1075 970 decem

322 1017 354 1068 et
375 1024 494 1067 novem
517 1025 677 1067 annorum
691 998 774 1067 'eum
799 1007 919 1067 fuisse:
943 1025 1017 1068 cum
1040 1008 1075 1067 ad

322 1122 469 1164 eremum
505 1104 657 1180 perrexit.
700 1102 750 1164 Ad
787 1104 917 1165 tertium
948 1122 1075 1182 quoque

298 1202 504 1278 srespondit,
536 1219 572 1262 se
603 1202 636 1262 in
666 1202 774 1262 medio
804 1203 974 1262 hominum
1005 1222 1075 1264 con·

322 1309 518 1374 versantem,
541 1300 760 1359 diversimode
783 1300 957 1359 maculari:
987 1301 1094 1380 illum¹

321 1416 400 1458 vero
422 1399 461 1458 ab
484 1398 671 1458 hominibus
695 1408 912 1475 segregatum,
941 1408 972 1459 et
995 1400 1075 1459 inter

321 1497 455 1573 angelos
491 1505 758 1571 conversantem,
789 1496 1072 1557 incontaminatam

321 1611 517 1654 conservare
553 1594 736 1671 puritatem.
780 1595 923 1671 Ideoque
960 1595 1073 1654 miran-

286 1693 398 1752 rodum
420 1710 486 1752 non
509 1702 575 1753 est:
598 1693 624 1752 si
647 1693 718 1768 ipse
741 1692 774 1752 in
791 1693 1073 1769 contemplationis

319 1790 489 1851 altitudine
522 1808 574 1850 me
605 1791 789 1867 praecellat.
833 1791 950 1851 Fertur
981 1791 1072 1851 etiam

319 1889 405 1965 quod
435 1889 570 1948 eremita
598 1906 730 1949 causam
759 1888 976 1966 assignaverit
1004 1890 1073 1948 sub·

318 1996 439 2047 tractae
460 1986 581 2062 gratiae
603 1986 636 2046 in
659 1986 802 2063 virgine:
832 1986 908 2063 quia
937 1986 1070 2046 nimium

318 2085 358 2144 de
380 2093 485 2144 morte
506 2084 763 2161 propinquorum
792 2101 928 2144 suorum
952 2084 1072 2144 solebat

284 2182 439 2241 isdolere.
469 2182 566 2258 Quod
583 2182 615 2241 in
632 2182 721 2243 obitu
738 2182 847 2242 fratris
862 2182 913 2241 sui
931 2183 1071 2259 contigit,

318 2280 373 2356 qui
405 2280 520 2339 eodem
558 2279 626 2340 lere
657 2289 804 2355 tempore
835 2280 867 2339 in
900 2279 1070 2340 Schiedam

318 2378 457 2437 obierat:
494 2395 567 2437 cum
600 2378 764 2454 praedicta
799 2378 838 2437 ab
870 2378 1008 2438 eremita
1043 2378 1071 2436 in

317 2476 483 2553 Aegypto,
519 2476 701 2552 peregrinis
736 2476 808 2535 istis
846 2476 1071 2537 recitabantur.

317 2573 407 2635 Obiit
423 2583 530 2634 autem
555 2574 661 2633 felicis
685 2574 861 2634 memoriae
877 2574 964 2634 idem
977 2574 1071 2634 devo-

279 2671 464 2731 aotissimus
491 2672 644 2746 eremita,
673 2671 839 2747 perfectus
867 2681 1070 2732 terrenorum

316 2779 536 2846 contemptor,
572 2787 608 2829 ac
641 2769 832 2830 caelestium
870 2780 1070 2830 secretorum

315 2870 399 2929 altus
421 2868 623 2944 speculator:
645 2885 731 2927 anno
754 2867 947 2928 Dominicae
970 2868 1071 2928 incar·

315 2966 472 3040 nationis,
509 2965 702 3041 millesimo,
738 2965 1071 3043 quadringentesimo,

314 3064 472 3124 vicesimo
501 3074 611 3140 sexto,
644 3064 836 3124 duodecima
865 3065 918 3124 die
947 3065 1071 3125 mensis

277 3177 305 3217 25
315 3159 478 3221 Octobris.
523 3161 631 3220 Huius
655 3161 823 3224 obituset
852 3162 1011 3222 transitus
1033 3162 1070 3221 ad

312 3258 464 3334 gloriam:
494 3258 611 3335 virgini
642 3268 773 3319 sanetae
804 3259 863 3319 tuit
892 3277 950 3335 per
973 3260 1069 3320 visio-

313 3374 388 3415 nem
421 3358 594 3418 revelatus.
647 3358 748 3433 Rapta
779 3374 920 3434 namque
952 3357 986 3417 in
1017 3375 1068 3434 pa-

313 3454 456 3515 radisum
488 3455 521 3514 in
553 3458 632 3514 hora
665 3455 821 3515 transitus
853 3454 945 3530 eius,
982 3454 1068 3515 vide-

312 3553 364 3612 bat
393 3554 532 3613 animam
564 3553 653 3613 illius
684 3570 820 3629 corpore
851 3563 1000 3628 exutam,
1030 3553 1067 3612 ab

275 3650 436 3726 soangelis
464 3652 503 3711 ad
532 3652 716 3727 paradisum
742 3651 880 3727 delerri3
908 3661 1006 3728 atque
1034 3651 1065 3709 in

313 3746 401 3806 fonte
433 3757 496 3807 tam
529 3766 647 3809 sereno
676 3749 779 3809 ablui:
811 3749 905 3809 cuius
935 3749 1065 3825 prolun-

669 3853 710 3894 404
