2692 4659
312 701 473 754 m}
501 665 664 744 SEU-oms
679 703 719 744 ΑΙ)
736 702 885 760 Novlclos
911 703 1075 757 ww&

313 837 441 895 labores
458 835 592 895 diurnos
614 853 651 895 ac
666 846 845 896 nocturnos
860 854 919 912 pro
936 836 1073 898 Christo

314 942 501 994 constanter
523 933 609 993 ferre
630 934 776 994 valeatis.
820 935 894 994 Non
917 934 1074 995 dubitetis

314 1032 354 1092 dc
390 1032 499 1091 futura
534 1031 660 1093 Christi
697 1032 933 1108 promissione:
975 1051 1072 1111 quam

314 1130 427 1190 reddet
448 1130 658 1207 diligentibus
681 1147 717 1190 se
740 1147 838 1207 opere
855 1131 1019 1205 completo
1042 1139 1074 1191 et

290 1242 416 1304 sagone
438 1228 576 1288 viriliter
597 1236 832 1287 consummato.
865 1228 940 1287 Non
963 1228 1073 1288 fuistis

314 1326 346 1385 in
369 1326 498 1386 inferno
530 1342 591 1386 nec
620 1325 653 1385 in
685 1336 783 1402 puteo
807 1325 967 1385 Luciferi:
999 1326 1073 1386 ideo

313 1441 453 1484 onerosa
480 1423 633 1484 videntur
661 1433 781 1484 statuta
809 1424 952 1484 claustri.
997 1424 1071 1484 Non

313 1522 393 1582 estis
415 1522 538 1598 experti
561 1521 669 1598 ignem
686 1522 879 1599 purgatorii:
901 1522 975 1582 ideo
998 1524 1071 1583 hor·

313 1619 392 1679 retis
414 1619 578 1680 sustinere
599 1620 736 1680 verbum
759 1621 960 1698 improperii,
989 1622 1070 1698 rigo-

279 1733 304 1774 ro
314 1735 382 1778 rem
405 1718 538 1794 silentii,
561 1718 712 1779 duritiam
736 1719 858 1795 lectuli,
879 1718 1070 1794 gravitatem

314 1816 439 1891 ieiunii,
460 1815 617 1875 vilitatem
641 1816 720 1875 cibi:
743 1816 886 1876 laborem
911 1815 1071 1891 cantandi,

314 1923 345 1973 et
368 1913 585 1990 frequentiam
610 1914 734 1974 orandi.
777 1913 810 1974 si
833 1913 933 1973 vultis
962 1913 1072 1973 omnia

313 2012 434 2071 habere
455 2029 513 2087 pro
536 2012 628 2071 libitu
650 2021 777 2088 vestr03
807 2012 883 2088 quid
906 2012 982 2071 inde
1004 2028 1070 2071 me-

314 2110 430 2170 remini
454 2127 561 2170 coram
579 2111 677 2170 Deo?
706 2110 771 2170 Ista
792 2126 858 2169 non
874 2109 1071 2169 concordant

279 2209 451 2268 rssanctis:
474 2209 529 2285 qui
551 2207 639 2283 passi
662 2218 739 2268 sunt
760 2207 971 2283 gravissimas
995 2224 1071 2283 poe·

313 2324 371 2365 nas
393 2306 596 2382 temporibus
611 2305 733 2364 multis.
763 2304 992 2366 Consideretis
1015 2305 1072 2381 igi·

312 2413 365 2463 tur
393 2402 426 2462 in
454 2403 563 2478 parvis
585 2401 750 2461 laboribus
773 2412 804 2462 et
835 2402 994 2479 angustiis
1017 2419 1072 2462 ve·

313 2501 400 2575 stris
429 2500 658 2561 acerbissimas
680 2510 867 2560 sanctorum
891 2511 1071 2578 martyrum

312 2599 500 2675 passiones3
525 2608 557 2658 et
578 2615 717 2675 quorum
741 2599 914 2658 sollemnia
935 2616 996 2675 per
1017 2615 1073 2658 an-

276 2712 390 2755 aonum
414 2696 602 2756 celebratis:
626 2697 742 2755 horum
760 2713 882 2774 agones
900 2696 1071 2756 sectamini

312 2811 371 2870 per
397 2810 492 2853 veras
520 2794 668 2853 virtutes.
711 2793 864 2871 Cumque
893 2794 1073 2854 tribulatio·

312 2908 387 2951 nem
410 2892 550 2967 aliquam
574 2891 713 2967 sentitis
744 2902 872 2952 scutum
895 2890 1071 2968 patientiae

312 2989 485 3048 assumite:
516 3005 558 3048 ne
589 2999 663 3049 ante
696 2999 824 3066 tempus
857 2989 937 3049 liniti
970 2999 1073 3048 certa·

312 3087 411 3146 minis
433 3087 465 3145 in
489 3086 646 3163 religione
669 3086 837 3146 deficiatis.
881 3088 956 3146 Non
978 3102 1072 3145 scan-

276 3185 430 3244 asdalizet
451 3202 521 3259 vos,
543 3184 570 3243 si
593 3184 668 3243 mali
693 3184 809 3243 florent
831 3184 864 3243 in
885 3185 1019 3260 mundo,
1041 3194 1074 3244 et

312 3283 387 3342 boni
410 3292 545 3358 gemunt
566 3282 626 3341 sub
649 3299 767 3358 onere3
789 3282 816 3340 si
833 3281 979 3358 perversi
996 3299 1072 3358 gau-

313 3380 390 3440 dent
412 3380 444 3439 in
467 3379 663 3439 honoribus:
687 3389 719 3438 et
739 3379 815 3438 boni
832 3379 1002 3455 privantur
1023 3398 1072 3439 re-

312 3479 374 3537 bus
396 3478 593 3538 necessariis
613 3487 644 3537 et
664 3477 788 3537 amicis.
819 3478 909 3536 Deus
925 3478 1073 3537 clemens

313 3586 345 3635 et
367 3576 473 3635 iustus
495 3576 632 3635 meliora
654 3585 686 3634 et
705 3584 837 3634 aeterna
858 3576 944 3634 bona
965 3575 1072 3651 provi·

276 3673 357 3733 sodit
380 3674 494 3734 electis
516 3674 603 3748 suis,
631 3674 664 3733 in
693 3684 860 3749 posterum
890 3675 1072 3749 reddenda3

312 3787 395 3845 quos
417 3788 504 3830 nunc
533 3770 673 3830 diversis
705 3770 811 3830 modis
842 3772 983 3846 percutit
1014 3789 1072 3848 per

679 3874 705 3914 os
