2692 4659
573 707 739 761 Epilegomena.

274 841 383 915 bilis“,
412 858 495 918 quae
517 842 617 901 verba
638 858 678 899 ex
703 841 775 916 ipso
798 841 910 901 codice
932 851 1036 901 trans-

275 921 398 997 scripta
422 932 508 982 sunt.
551 923 601 982 De
630 922 750 981 ceteris
778 922 921 998 denique
944 922 1036 981 Lide·

276 1002 370 1078 wigis
402 1002 486 1062 Vitis
517 1011 549 1061 et
580 1011 654 1062 ante
686 1003 767 1061 duas
798 1002 870 1062 illas
901 1011 933 1061 et
964 1012 1037 1078 post

277 1082 411 1143 emissis
441 1084 547 1159 deque
579 1099 691 1142 earum
729 1083 873 1143 fontibus
906 1092 960 1142 aut
996 1083 1036 1143 de

277 1163 349 1239 ipso
376 1163 586 1239 Brugmanno
615 1163 707 1222 verbi
740 1163 841 1223 divini
872 1163 1037 1223 contiona-

276 1254 348 1304 tore
377 1244 466 1304 illius
496 1242 610 1304 aetatis
640 1244 823 1303 clarissimo
855 1254 890 1304 ut
918 1262 936 1303 a
964 1261 1037 1319 pro·

277 1325 384 1401 posito
413 1334 525 1384 nostro
554 1324 671 1384 alienis
702 1325 778 1384 nolo
807 1324 860 1384 hic
888 1323 1037 1400 pluribus

277 1405 442 1465 disserere
454 1405 600 1481 legentes
611 1406 650 1464 ad
661 1404 776 1475 MSS,
788 1405 878 1474 Moli,
893 1405 1036 1475 Hirsche,

280 1486 469 1562 Campbell‚
499 1484 615 1545 Annal.
645 1487 685 1545 de
714 1486 745 1544 la
773 1495 899 1562 typogr.
926 1486 1036 1545 Neerl.

279 1584 309 1642 p.
335 1569 391 1626 104
413 1567 572 1642 relegans

268 1731 272 1737 ’
367 1763 410 1829 o.
437 1762 499 1828 ou
527 1761 675 1829 Hvlvs
701 1759 952 1828 EDITIONIS

546 1866 773 1935 annona.

320 2001 408 2063 Cum
441 2002 474 2062 in
505 2003 567 2062 hoc
597 2001 766 2061 volumine
797 1999 939 2076 parando
969 2016 1038 2059 eas·

280 2083 355 2143 dem
384 2091 519 2142 secutus
550 2083 657 2158 leges,
688 2098 770 2158 quas
801 2081 834 2140 in
865 2079 1039 2139 volumini·

279 2165 342 2223 bus
366 2163 394 2223 ΙΙ
418 2172 449 2222 et
472 2163 516 2223 ΙΙΙ
546 2162 625 2222 mihi
653 2162 766 2237 statui,
794 2160 826 2220 id
849 2178 950 2220 unum
973 2170 1039 2220 stu-

281 2243 428 2318 duerim,
464 2252 499 2303 ut
529 2243 764 2319 autographum
799 2241 944 2316 exceptis
980 2240 1039 2315 eis,

281 2341 365 2401 quae
387 2324 421 2384 in
445 2323 687 2399 Epilegomenis
711 2332 743 2382 et
765 2322 798 2381 in
821 2320 1039 2382 Adnotatione

281 2404 394 2464 critica
415 2404 574 2479 indicavi,
595 2421 693 2481 quam
716 2401 964 2478 religiosissime
987 2419 1040 2461 ex·

281 2486 447 2560 hiberem‚
476 2485 622 2560 proiecto
651 2500 717 2544 non
742 2493 847 2557 esset,
877 2500 936 2542 cur
965 2499 1041 2542 con·

280 2565 391 2626 silium
422 2582 531 2625 meum
560 2565 613 2624 hic
642 2564 791 2641 pluribus
821 2563 1041 2639 inlustrarem‚

281 2646 345 2706 nisi
369 2645 519 2705 censuris
541 2645 744 2721 quorundam
774 2644 867 2704 lectis
892 2645 1041 2719 explana·

281 2726 381 2787 tionis
403 2743 501 2785 causa
522 2742 624 2801 pauca
645 2725 765 2785 addere
790 2742 808 2784 e
830 2740 865 2783 re
887 2741 962 2782 esse
985 2723 1041 2783 du·

282 2823 403 2867 cerem.
455 2806 549 2883 Quos
580 2805 731 2881 inprimis
762 2814 796 2864 ut
829 2805 891 2863 hoc
927 2820 1040 2863 secum

283 2896 436 2963 reputent
471 2904 568 2962 rogo,
608 2886 695 2963 quod
731 2886 803 2944 sine
839 2884 1041 2959 arrogantiae

283 2968 422 3028 crimine
444 2967 613 3043 accipiant,
635 2967 720 3026 hanc
742 2965 887 3025 Thomae
909 2964 1042 3024 aKem·

282 3048 334 3125 pis
366 3065 501 3123 operum
533 3047 680 3107 omnium
716 3046 894 3105 editionem
931 3044 1042 3104 critica

283 3129 408 3190 ratione
437 3128 583 3188 voluisse
614 3145 684 3202 me,
713 3144 809 3203 quam
835 3126 945 3185 dicere
968 3142 1043 3185 con·

285 3209 456 3269 suevimus
471 3209 564 3286 quasi
581 3208 762 3284 principem
779 3224 865 3281 esse,
887 3223 951 3282 qua
965 3216 1044 3266 tam-

285 3307 383 3366 quam
406 3289 617 3349 fundamento
647 3288 754 3348 stabili
785 3286 944 3362 firmoque
969 3286 1044 3361 nisi,

269 3370 341 3447 .qui
364 3371 498 3446 posthac
514 3369 632 3429 edituri
654 3369 730 3444 sint,
752 3384 891 3443 operoso
914 3366 1044 3426 codices

285 3451 405 3511 iterum
446 3449 636 3510 conferendi
677 3448 783 3509 taedio
826 3447 1044 3523 supersedere

286 3530 423 3607 possint.
471 3530 601 3607 Quibus
632 3529 659 3589 si
691 3529 724 3589 in
754 3526 962 3604 autographis
991 3527 1045 3586 de·

287 3611 471 3671 scribendis
487 3627 667 3686 eorumque
685 3609 881 3670 lectionibus
897 3608 1045 3667 adferen-

288 3692 338 3751 dis
361 3692 483 3752 multus
499 3691 603 3750 fuisse
624 3691 717 3750 visus
737 3708 811 3750 sum
833 3689 1046 3764 videborque,

288 3772 350 3832 iam
380 3773 545 3832 habebunt
568 3772 725 3845 fortasse,
754 3788 812 3830 cur
835 3768 1045 3845 vituperatio·

647 3884 685 3925 491
