2692 4659
357 672 518 725 ww
536 671 603 715 VITA
620 672 783 715 LlDEWlGlS
799 672 937 714 VlRGlNlS
955 671 1113 726 ww

359 806 455 865 modo
491 817 749 883 conquereretur
784 823 823 866 ex
854 805 1041 882 prolixitate
1071 806 1115 866 in·

360 904 546 964 firmitatum
575 921 708 964 suarum
731 904 811 964 satis
833 921 869 964 se
894 905 1041 981 gravari:
1070 922 1115 965 re·

358 1002 489 1078 spondit
519 1004 673 1063 sacerdos
705 1003 743 1062 ad
777 1002 933 1078 ampliora
966 1003 1115 1079 patienda

358 1117 429 1160 eam
461 1101 661 1160 exhortando
692 1110 723 1161 et
752 1100 844 1177 quasi
873 1101 1115 1176 prophetand03

335 1197 433 1274 squia
448 1206 612 1272 oporteret
623 1214 694 1257 eam
707 1198 881 1274 amplexari
894 1199 1002 1258 adhuc
1018 1199 1114 1258 maio-

358 1314 426 1357 rem
442 1297 660 1357 tolerantiam:
684 1298 824 1374 eoquod
841 1297 978 1357 forsitan
995 1296 1116 1356 medie-

357 1404 454 1454 tatem
485 1396 642 1471 temporis
672 1396 862 1472 passionum
894 1412 1030 1455 suarum
1062 1395 1114 1454 vix

357 1493 536 1569 implesset.
568 1494 606 1554 Et
621 1496 683 1554 hoc
699 1495 743 1555 ita
758 1493 908 1571 contigit:
924 1493 1010 1552 sicut
1025 1510 1114 1569 prae·

357 1590 527 1651 conizavit.
571 1591 708 1651 Dicebat
734 1607 874 1667 namque
904 1606 977 1649 eam
1002 1590 1114 1650 funda·

324 1697 503 1747 tomentum
526 1689 620 1748 valde
643 1689 742 1748 latum
768 1698 800 1748 et
821 1689 965 1764 amplum
988 1688 1022 1747 in
1047 1705 1114 1748 cae·

357 1785 494 1844 lestibus
510 1787 706 1845 collocasse:
723 1785 817 1845 cuius
828 1794 993 1846 structura
1002 1803 1114 1862 super-

357 1884 556 1944 aedificanda
578 1902 643 1944 non
659 1894 785 1960 poterat
806 1884 839 1944 in
855 1884 947 1943 brevi
964 1901 1115 1944 consum-

358 1981 447 2040 mari.
499 1981 588 2042 Vixit
619 1991 726 2041 autem
759 1982 850 2058 virgo
886 1991 960 2058 post
991 1983 1114 2043 obitum

356 2080 455 2140 huius
484 2080 592 2141 dilecti
623 2081 724 2156 patris
746 2081 840 2141 annis
862 2079 976 2156 viginti
1005 2079 1039 2139 in
1062 2081 1115 2140 do-

322 2193 347 2233 ιε
357 2178 480 2238 loribus
503 2178 629 2255 magnis
651 2188 683 2238 et
698 2178 801 2255 plagis
817 2178 929 2238 multis
944 2177 1006 2237 sibi
1024 2196 1116 2254 prae·

356 2276 558 2351 vaticinatis;
587 2294 684 2353 quam
709 2278 799 2337 Deus
828 2286 936 2337 tamen
967 2278 1115 2338 consola·

356 2375 450 2433 batur
460 2383 492 2433 et
503 2374 704 2434 confortabat
714 2375 858 2451 raptibus
871 2374 1115 2452 frequentibus:

357 2486 415 2544 per
443 2469 691 2545 inspirationem
721 2471 823 2531 sancti
848 2471 990 2546 Spiritus
1015 2482 1049 2532 et
1071 2474 1116 2533 vi·

357 2566 541 2626 sitationem
565 2568 685 2627 civium
710 2586 938 2644 supernorum.

319 2793 346 2833 ao
377 2770 434 2828 DE
458 2771 657 2832 DlVERSlS
682 2771 897 2834 RAPTIBVS
922 2774 1019 2836 EIVS
1046 2778 1097 2838 ET

357 2867 641 2930 COGNITIONE
667 2870 724 2928 DE
750 2869 887 2931 STATV
910 2871 1116 2948 QVORVN·

500 2965 597 3025 Dum
622 2967 971 3030 RELIGIOSORVM.

587 3116 793 3165 CAPITVLVM
812 3118 880 3166 xltt.

354 3192 645 3411 ffilmiebatur
668 3253 777 3330 itaque
803 3255 998 3331 saepissime
1021 3259 1113 3336 virgo

318 3373 345 3413 25
486 3350 566 3409 haec
596 3351 713 3410 debilis
743 3369 879 3427 corpore
908 3353 1025 3429 spiritu
1053 3356 1114 3416 ler-

355 3464 437 3506 vens
459 3446 492 3506 in
515 3448 679 3524 ecstasim,
701 3466 759 3524 per
781 3465 954 3511 excessum
978 3455 1115 3514 mentis:

355 3544 500 3604 sednon
524 3555 592 3605 erat
615 3545 647 3605 in
671 3546 743 3605 eius
770 3556 862 3623 raptu
885 3565 957 3608 rara
979 3551 1062 3611 hora
1083 3562 1114 3612 et

354 3641 464 3701 brevis
496 3659 594 3702 mora.
646 3642 796 3719 Quadam
832 3645 905 3705 vice
937 3648 1113 3725 religiosus

354 3738 484 3814 quidam
507 3739 717 3817 interrogavit
739 3757 810 3800 eam
833 3742 873 3802 de
896 3752 981 3805 statu
1005 3764 1067 3808 suo
1083 3759 1114 3811 et

712 3847 751 3887 oa
