2692 4659
235 675 760 729 ΜὨΜῊΘἘῙΉὟ
823 676 840 713 ‚¹
903 676 988 714 ν’,

237 810 374 870 tineret:
396 808 540 869 etiamsi
564 809 697 869 multam
721 826 881 869 summam
904 809 994 869 nobi·

237 908 319 967 lium
340 906 541 983 anglicorum
557 924 615 983 pro
638 924 677 967 ea
698 916 908 982 exponerent.
930 905 994 965 Ad-

237 1006 320 1066 didit
334 1021 465 1082 quoque
488 1004 574 1064 idem
598 1003 819 1065 industriosus
841 1002 996 1079 magister

237 1103 458 1165 consolandos
481 1112 633 1177 parentes
655 1111 688 1162 et
709 1111 879 1178 cognatos:
909 1100 994 1177 quod

239 1200 317 1262 talia
338 1210 370 1260 et
391 1209 479 1259 tanta
506 1200 766 1275 supernaturalia
789 1200 880 1258 Deus
909 1198 1017 1257 circas

237 1315 311 1358 eam
341 1308 430 1358 esset
460 1307 671 1373 operaturus3
701 1297 786 1374 quod
818 1313 875 1372 pro
907 1306 995 1357 tanto

237 1391 390 1473 pondere
419 1394 489 1454 auri
521 1395 560 1454 ad
593 1394 848 1470 magnitudinem
880 1392 995 1469 capitis

237 1492 338 1552 huius
354 1492 491 1568 virginis
513 1501 638 1566 optaret
653 1491 739 1568 quod
762 1490 833 1567 ipsa
855 1490 995 1550 filiasue

238 1589 340 1650 foret:
355 1589 431 1667 quia
452 1590 492 1650 de
515 1589 568 1651 tali
592 1590 706 1650 subole
721 1590 874 1667 gaudium
897 1574 996 1649 maxi-

238 1704 329 1748 mum
351 1688 472 1747 habere
497 1698 653 1763 speraret.
1007 1706 1031 1747 ro

280 1784 427 1862 Contigit
454 1795 562 1845 autem
585 1784 618 1845 in
640 1786 826 1861 supradicto
855 1784 995 1847 triennio

237 1885 366 1964 virgine
389 1886 422 1946 in
438 1886 557 1946 lectulo
579 1902 675 1961 aegra
690 1884 826 1959 iacente,
848 1900 902 1943 res
917 1882 996 1943 satis

238 1984 452 2044 miraculosa:
468 2002 564 2062 quam
577 1985 668 2044 Deus
691 1984 864 2043 ostendere
887 1981 996 2057 digna·

238 2095 293 2145 tus
325 2092 375 2143 est
405 2082 444 2142 ad
475 2082 727 2143 declarationem
759 2078 903 2140 nominis
934 2078 996 2153 sui,

238 2191 272 2243 et
287 2180 425 2257 virginis
440 2180 591 2240 meritum
615 2178 889 2256 cognoscendum.
923 2178 995 2237 Duo
1007 2196 1031 2237 rs

237 2278 301 2339 viri
325 2278 358 2337 in
381 2277 510 2338 civitate
540 2277 625 2337 inter
647 2293 684 2336 se
706 2276 814 2335 animo
844 2274 994 2335 concitati

238 2376 367 2452 litigare
390 2384 584 2451 coeperunt3
606 2384 637 2434 et
655 2390 741 2433 unus
763 2374 900 2434 alterum
923 2390 996 2433 eva·

235 2473 348 2552 ginato
363 2471 470 2548 gladio
485 2473 760 2549 persequebatur:
783 2480 817 2530 ut
833 2487 908 2530 eum
925 2488 996 2546 per-

237 2570 393 2631 cutiendo
416 2571 619 2645 vulneraret,
647 2580 701 2630 aut
728 2579 869 2629 necaret.
905 2567 997 2629 Alter

237 2669 339 2747 igitur
354 2684 468 2727 eorum
490 2668 683 2743 perterritus
706 2668 818 2744 lugere
841 2664 948 2740 coepit
963 2664 1033 2728 inao

236 2768 373 2828 domum
405 2774 437 2825 et
467 2765 618 2824 cellulam
654 2765 753 2825 huius
775 2762 927 2839 virginis:
963 2772 997 2822 ut

235 2865 281 2925 ibi
314 2863 444 2923 latendo
474 2879 590 2922 manus
613 2880 649 2922 se
671 2859 901 2939 persequentis
924 2876 997 2918 eva·

236 2963 341 3023 deret.
365 2960 473 3037 Quem
486 2960 569 3020 alius
580 2977 654 3020 mox
666 2960 851 3020 insecutus:
863 2974 997 3035 quaere·

236 3061 291 3120 bat
307 3077 327 3118 a
342 3068 444 3117 matre
459 3057 531 3117 eius
548 3057 725 3118 Petronilla
740 3066 848 3117 utrum
865 3056 996 3115 domum

236 3173 332 3217 suam
362 3155 525 3216 intrasset.
563 3155 627 3216 Cui
657 3156 712 3216 illa
734 3156 849 3216 volens
871 3156 1034 3216 salvarem

236 3254 411 3315 mendacio
440 3270 500 3314 suo
531 3253 709 3330 fugientem
739 3264 770 3314 et
799 3252 997 3328 asanguine

237 3351 415 3430 prohibere
439 3361 709 3428 persequentem:
732 3351 898 3427 respondit
921 3368 996 3409 eum

237 3467 306 3511 non
336 3449 486 3510 intrasse.
523 3447 565 3508 At
593 3448 648 3508 ille
678 3447 865 3508 incredulus
887 3446 997 3507 verbis

237 3546 370 3608 matris:
399 3545 531 3606 intravit
552 3546 591 3605 ad
614 3544 721 3605 abdita
742 3544 877 3621 virginis
906 3560 997 3620 agro-

238 3644 349 3707 tantis.
387 3644 520 3704 Etcum
550 3643 783 3719 interrogasset
811 3659 852 3701 an
881 3641 1033 3703 cellamao

237 3743 313 3804 eius
328 3741 499 3802 intrasset:
514 3740 683 3817 respondit
694 3739 895 3801 confidenter
906 3757 997 3800 sacra

599 3845 640 3887 329
