2692 4659
304 671 465 724 πως
483 669 550 713 VITA
567 667 731 712 LlDEWlGlS
746 667 884 710 VIRGINIS
901 668 1063 721 mm

307 803 403 864 ctiam
425 804 464 863 ab
486 802 552 863 illis
575 803 768 864 Dominicae
797 802 905 864 crucis
932 820 972 862 ac
994 802 1063 861 vul-

306 919 422 962 nerum
445 900 517 961 eius
539 901 690 962 dulcibus
712 901 835 961 osculis
856 917 1009 975 reversa,
1030 900 1062 959 in

307 999 402 1059 labiis
424 1000 491 1060 oris
519 999 570 1059 sui
593 999 752 1075 quaedam
775 1000 886 1059 ulcera
914 997 977 1057 sibi
1006 998 1063 1057 im-

307 1113 421 1172 pressa
454 1107 642 1173 reportaret.
696 1096 793 1173 Quod
826 1096 959 1173 quidem
993 1097 1064 1155 Deo

285 1194 518 1271 sdispensante
547 1194 667 1254 lactum
698 1204 764 1269 est,
795 1203 829 1254 ut
860 1210 925 1252 non
955 1194 1064 1253 solum

307 1292 489 1352 secundum
500 1291 742 1352 multitudinem
754 1292 901 1352 dolorum
915 1290 948 1350 in
966 1292 1064 1352 corde

307 1408 367 1451 suo
397 1390 525 1451 divinae
555 1389 797 1450 consolationes
824 1390 966 1449 animam
992 1390 1065 1449 eius

308 1488 519 1548 laetificarent
546 1488 702 1548 interius:
732 1488 790 1547 sed
819 1487 917 1547 etiam
946 1504 1065 1547 secun-

308 1586 384 1646 dum
407 1586 647 1646 multitudinem
670 1586 853 1646 divinarum
870 1585 1066 1645 consolatio·

274 1706 298 1746 ro
308 1701 406 1759 num,
437 1683 662 1744 tribulationes
691 1684 764 1744 eius
793 1693 825 1743 et
857 1683 985 1759 flagella
1017 1700 1065 1742 re·

308 1792 405 1858 pente
428 1784 577 1858 suborta,
601 1783 833 1843 contristarent
856 1797 927 1840 eam
951 1790 985 1840 et
1008 1781 1067 1840 hu-

309 1880 472 1940 miliarent
494 1881 656 1957 exterius3
677 1872 774 1942 ut'ex
789 1881 842 1941 his
860 1896 943 1956 quae
959 1896 978 1938 a
995 1880 1066 1939 Deo

309 1987 494 2053 acceperat,
525 1988 557 2037 et
585 1995 669 2054 quae
700 1996 718 2038 a
746 1994 783 2038 se
814 1978 884 2054 ipsa
912 1976 1067 2036 haberet:

309 2092 368 2151 per
377 2074 468 2135 vices
479 2076 658 2135 contrarias
673 2085 821 2151 patenter
832 2085 863 2135 et
875 2076 1069 2151 frequenter

276 2183 463 2249 rstemptata
485 2183 707 2249 cognosceret.
749 2173 839 2233 Tunc
862 2173 1006 2249 denique
1027 2173 1068 2232 ad

310 2289 381 2331 earn
410 2273 546 2348 angelus
574 2272 627 2332 ait.
675 2272 765 2331 Haec
794 2271 904 2332 ulcera
932 2270 966 2330 in
997 2289 1069 2331 cor-

310 2387 389 2446 pore
411 2380 466 2431 tuo
482 2381 653 2448 propterea
669 2370 859 2446 suscepisti:
883 2378 916 2429 ut
932 2379 963 2429 te
980 2369 1069 2429 scias

311 2468 407 2528 etiam
430 2468 463 2528 in
486 2486 622 2545 corpore
646 2469 716 2529 lore
739 2478 871 2544 raptam.

351 2566 423 2626 Alia
445 2584 576 2643 quoque
597 2568 670 2627 vice
693 2584 766 2626 curn
789 2584 848 2642 per
869 2565 1071 2642 supradicta

274 2664 542 2725 zoamoenissima
558 2667 628 2725 loca
643 2665 806 2739 transiret,
828 2674 860 2723 et
875 2679 952 2740 prae
968 2662 1072 2723 lubri-

311 2763 406 2823 citate
428 2762 500 2822 viae
528 2780 678 2839 gressum
708 2762 808 2839 ligere
836 2778 901 2821 non
925 2761 1071 2821 valeret:

312 2862 437 2937 lapsum
461 2861 622 2937 quendam
646 2860 680 2920 in
703 2861 815 2920 dextro
833 2859 915 2936 pede
938 2875 975 2918 se
999 2876 1072 2919 cor-

312 2959 466 3036 poraliter
496 2959 644 3019 sensisse
680 2975 717 3017 ac
748 2974 887 3034 poenam
919 2975 958 3016 ex
996 2957 1070 3033 ipso

312 3058 423 3132 lapsu,
459 3066 491 3117 et
521 3056 753 3117 divaricatione
789 3056 937 3116 eiusdem
974 3056 1071 3131 pedis

276 3155 450 3216 astraxisse
479 3154 614 3215 dicebat.
657 3154 740 3214 Nam
771 3154 810 3214 de
840 3153 894 3213 illa
921 3153 1070 3213 laesione

312 3262 431 3313 tantam
454 3252 655 3312 inflationem
685 3269 722 3311 ac
752 3251 1011 3328 denigrationem
1038 3261 1071 3311 et

313 3352 457 3412 dolorem
474 3350 507 3409 in
523 3349 675 3410 exteriori
692 3350 755 3410 talo
771 3349 864 3426 pedis
877 3349 1071 3424 reportavit:

312 3448 399 3526 quod
431 3448 527 3508 ctiam
561 3448 709 3525 pluribus
740 3447 856 3507 diebus
892 3446 968 3505 inde
1006 3456 1071 3507 tor·

313 3556 477 3624 queretur.

277 3668 305 3708 so
354 3644 458 3705 Simili
474 3644 570 3705 modo
586 3643 724 3720 quadam
740 3643 812 3703 vice
827 3642 867 3702 ad
882 3660 976 3702 sacra
999 3643 1072 3703 loca

314 3742 404 3802 urbis
421 3743 585 3802 Romanae
607 3750 697 3817 rapta
715 3740 784 3800 luit.
814 3740 969 3817 Cumque
984 3739 1073 3801 inter

669 3845 710 3886 374
