2692 4659
363 700 524 752 &mm
552 698 715 742 seauoues
730 699 770 741 no
786 698 934 742 uovtcros
960 700 1121 754 tostum

367 833 440 908 lpse
458 834 531 893 fons
546 833 632 893 vitae
648 833 919 909 amoenissimus3
934 834 991 910 qui
1008 852 1119 896 omnes

366 931 446 991 caeli
476 931 566 992 cives
596 949 655 992 sua
686 932 871 1008 praesentia
903 933 1057 994 laetificat
1090 944 1118 993 et

366 1028 519 1089 inebriat:
534 1029 568 1089 in
579 1029 804 1090 misericordia
814 1031 917 1090 salvat
927 1040 959 1091 et
975 1041 1117 1105 coronat;

366 1145 425 1204 per
452 1127 586 1203 gratiam
615 1128 769 1188 iustificat
798 1137 829 1188 et
858 1127 1038 1205 illuminat;
1066 1146 1117 1205 per

343 1246 356 1285 s
365 1225 500 1301 gloriam
516 1225 678 1286 beatificat
694 1236 726 1287 et
741 1226 844 1286 satiat.
871 1226 944 1302 Ipse
961 1226 1071 1286 omnia
1082 1225 1115 1285 ad

366 1339 403 1382 se
414 1323 520 1398 trahit,
533 1323 642 1383 omnia
653 1340 758 1400 perse
769 1324 892 1400 implet,
903 1341 1004 1400 super
1015 1323 1115 1384 omnia

367 1421 493 1495 exaltat,
508 1429 540 1480 et
555 1421 831 1497 supereffluenter
845 1431 1050 1497 remunerat3
1068 1419 1114 1481 tri-

365 1519 471 1578 buens
493 1518 631 1595 singulis
653 1535 788 1579 aureum
806 1519 976 1579 denarium
999 1537 1058 1595 pro
1080 1519 1115 1577 la-

365 1616 499 1676 boribus
523 1617 651 1693 paucis:
681 1628 713 1678 et
736 1635 794 1694 pro
822 1617 913 1677 brevi
944 1618 1114 1679 certamine

332 1731 495 1775 toauream
528 1732 681 1776 coronam
718 1716 751 1776 in
784 1716 849 1776 vita
885 1725 1018 1776 aeterna
1048 1731 1113 1776 curn

365 1811 490 1888 angelis
512 1814 682 1889 potissime
704 1813 945 1891 possidendam.
983 1815 1047 1874 Pro
1062 1815 1114 1873 hac

366 1927 486 1969 corona
507 1910 655 1972 habenda
670 1928 785 1972 omnes
801 1912 947 1972 laborare
964 1912 1115 1972 debemus

366 2018 397 2067 et
431 2017 555 2071 certare
591 2021 625 2071 ut
660 2012 850 2071 vincamus:
886 2011 973 2071 sicut
1008 2026 1116 2071 omnes

366 2108 468 2167 sancti
491 2118 566 2169 ante
588 2128 648 2170 nos
665 2110 814 2170 lecerunt
829 2119 861 2170 et
878 2109 1045 2185 vicerunt3
1067 2106 1115 2185 qui

333 2224 357 2265 ts
367 2205 462 2265 modo
487 2225 561 2267 cum
585 2208 720 2269 Christo
743 2216 894 2284 regnant:
923 2216 955 2267 et
985 2222 1116 2267 coronas

365 2304 580 2380 triumphales
608 2323 666 2381 pro
696 2305 767 2365 duri
797 2304 986 2365 certaminis
1013 2305 1115 2364 labore

366 2402 398 2461 in
431 2402 590 2478 capitibus
621 2412 759 2479 portant.
812 2403 878 2479 Qui
914 2412 1024 2463 tamen
1060 2399 1115 2461 sibi

365 2498 533 2559 victoriam
557 2500 597 2561 de
612 2501 762 2561 hostibus
778 2519 843 2561 non
859 2500 1043 2576 ascribunt3
1065 2498 1117 2559 sed

366 2598 551 2658 cumomni
575 2599 760 2659 reverentia
789 2607 820 2658 et
846 2598 1042 2674 gratitudine
1072 2615 1117 2658 co-

329 2712 463 2755 aoronas
485 2714 561 2756 suas
583 2706 657 2757 ante
680 2697 792 2757 sedem
816 2696 876 2756 Dei
900 2714 1009 2756 coram
1030 2696 1117 2773 Agno

366 2792 548 2868 deponunt:
574 2805 701 2855 etcum
725 2795 847 2872 ingenti
871 2795 1070 2854 exultatione
1090 2801 1117 2852 et

366 2907 511 2951 consona
532 2910 613 2952 voce
635 2894 778 2969 psallunt
800 2902 832 2952 et
854 2892 976 2952 dicunt.
1018 2892 1118 2951 Bene-

366 2989 463 3049 dictio
477 2989 606 3050 claritas
621 2990 791 3066 sapientia,
806 2991 877 3050 laus
892 2992 998 3050 honor
1011 2989 1118 3067 gloria,

366 3088 455 3147 salus
477 3087 581 3148 virtus
599 3087 746 3163 victoria,
769 3088 840 3147 Deo
863 3096 975 3147 nostro
997 3086 1031 3146 in
1054 3103 1119 3146 sae·

330 3186 455 3246 ascula:
484 3188 539 3264 qui
568 3206 629 3249 nos
658 3206 717 3265 per
747 3189 866 3248 multas
897 3188 1120 3248 tribulationes

366 3284 516 3361 perduxit
537 3287 576 3347 ad
598 3288 681 3347 hanc
704 3286 878 3362 gloriosam
901 3302 1056 3346 coronam
1080 3285 1121 3344 le·

367 3382 472 3443 liciter
493 3383 712 3460 optinendam.
755 3384 849 3444 Hanc
878 3398 1010 3442 auream
1035 3400 1122 3443 coro·

366 3499 440 3542 nam
457 3499 531 3542 cum
546 3484 679 3543 aureola
693 3482 862 3559 percipere
877 3481 997 3541 meruit
1013 3480 1123 3558 Agnes

366 3580 555 3640 beatissima
576 3597 773 3657 permanens
795 3579 889 3640 fortis
916 3588 947 3639 et
970 3589 1123 3639 constans

330 3678 400 3739 aoin
423 3678 576 3754 passione
598 3695 658 3737 sua
679 3694 737 3753 pro
754 3677 816 3737 lide
837 3686 868 3738 et
884 3677 1042 3754 castitate,
1064 3686 1125 3737 tra-

368 3776 449 3836 dens
465 3784 569 3836 semet
582 3775 685 3851 ipsam
698 3774 731 3834 in
742 3785 895 3835 mortem:
911 3786 946 3837 ut
961 3775 1125 3852 acciperet

723 3878 764 3921 250
