2692 4659
363 620 524 672 m&
552 620 715 664 SERMONES
731 622 770 663 ΑΙ)
787 621 936 665 NOVICIOS
960 623 1125 676 ἴῷζχῇἵῶω

364 764 395 814 et
424 754 632 815 innocentem
663 755 794 815 fratrem
826 772 922 815 suum
952 757 1123 817 meliorem

364 871 400 912 se
422 854 573 913 occidere
602 854 741 914 studuitt
771 872 835 914 non
858 855 982 915 veritus
1005 855 1125 931 Deum,

363 968 424 1010 nec
447 960 600 1027 parentes
623 950 807 1011 contristari
825 951 1044 1025 erubescens;
1066 952 1124 1011 sed

364 1059 516 1124 protervo
551 1048 660 1108 animo
697 1065 857 1108 accensus
894 1066 1010 1109 manus
1046 1067 1125 1109 suas

340 1146 477 1206 5noxias
500 1146 662 1207 extendit:
685 1156 717 1206 et
731 1146 857 1222 primus
873 1146 958 1207 inter
972 1147 1126 1207 homines

364 1244 577 1304 homicidium
601 1242 809 1319 perpetravit.
853 1244 898 1303 Ex
921 1244 973 1303 his
996 1244 1126 1304 duobus

364 1342 518 1402 iratribus
540 1340 759 1417 litigantibus,
788 1340 981 1416 inceperunt
1003 1343 1125 1402 multae

363 1439 546 1499 discordiae
569 1449 600 1499 et
616 1438 827 1514 partialitates
850 1438 935 1498 inter
957 1439 1126 1499 homines:

363 1537 395 1597 in
420 1536 560 1597 diversis
581 1536 770 1612 regionibus
793 1544 825 1595 et
847 1536 938 1610 locis,
960 1535 993 1595 in
1016 1535 1127 1596 civita-

329 1648 353 1689 ro
363 1634 450 1694 tibus
473 1644 505 1694 et
521 1634 619 1709 villis,
641 1651 699 1709 pro
722 1635 861 1709 primatu
884 1643 916 1694 et
933 1633 1056 1693 divitiis
1079 1634 1126 1693 in·

364 1732 471 1792 vicem
508 1732 706 1793 altricantes.
764 1732 809 1792 Ex
845 1733 905 1791 hac
941 1731 1116 1791 occasione

362 1839 531 1889 crescente
574 1830 695 1907 ubique
737 1829 954 1890 aemulatione
1001 1828 1118 1889 accidit

362 1927 458 1988 etiam
481 1928 666 2003 persecutio
689 1946 862 2004 pravorum
885 1936 997 1987 contra
1018 1926 1118 1986 vitam

362 2026 532 2101 bonorum,
554 2025 639 2085 sicut
661 2043 773 2085 sacrae
795 2025 951 2086 historiae
974 2024 1121 2084 indicant

329 2133 567 2183 issanctorum:
597 2133 629 2183 et
651 2123 801 2184 diversae
824 2123 998 2183 chronicae
1020 2122 1123 2182 conti-

366 2230 445 2281 nent
475 2220 646 2297 gentilium
678 2232 709 2281 et
738 2221 1008 2296 christianorum,
1043 2238 1130 2296 quae

366 2327 504 2378 tractant
534 2317 668 2394 copiose
705 2319 745 2378 de
776 2318 871 2378 bellis
902 2317 1131 2394 Troianorum,

367 2417 600 2489 Romanorum,
623 2432 803 2492 regumque
828 2416 1003 2475 multorum
1027 2425 1059 2474 et
1082 2415 1131 2475 di-

364 2530 535 2572 versorum
560 2513 767 2589 populorum.
810 2512 902 2573 Sicut
925 2512 984 2572 fuit
1006 2512 1046 2572 ab
1069 2512 1132 2572 ini·

328 2627 356 2668 20
366 2610 409 2670 tio
433 2610 543 2670 mundi
569 2610 654 2670 inter
670 2609 755 2669 filios
770 2608 874 2670 Adam
898 2610 938 2669 lis
954 2620 985 2670 et
1000 2627 1132 2686 guerra,

365 2709 457 2768 zelus
489 2718 521 2769 et
553 2708 737 2784 contentio;
769 2718 800 2768 et
830 2707 1006 2784 praecipue
1043 2708 1132 2769 inter

365 2823 480 2865 avaros
503 2817 534 2865 et
550 2806 742 2866 ambitiosos
764 2823 822 2882 pro
845 2804 985 2866 terrenis
1006 2804 1132 2864 haben-

365 2903 416 2962 dis
438 2913 469 2963 et
498 2903 710 2979 ampliandis:
740 2903 787 2962 sic
816 2903 922 2963 adhuc
951 2902 984 2963 in
1011 2902 1132 2963 diebus

366 3001 438 3060 istis
461 3000 587 3076 litigant
602 3001 756 3060 homines
778 3018 836 3076 pro
858 2999 1013 3076 perituris
1029 3002 1132 3061 rebus

329 3117 357 3157 25
366 3108 397 3157 et
420 3097 602 3157 honoribus
624 3096 729 3159 vanis.
773 3098 811 3158 Et
833 3098 1013 3158 timendum
1041 3100 1130 3174 quod

367 3194 463 3255 etiam
500 3206 573 3271 post
610 3214 671 3256 nos
708 3197 769 3256 ista
806 3197 985 3256 durabunt:
1024 3196 1130 3256 donec

368 3293 530 3353 Dominus
566 3295 605 3353 ad
643 3293 852 3354 iudicandum
889 3311 1004 3353 omnes
1047 3293 1131 3354 lines

367 3400 473 3451 terrae
503 3392 535 3451 in
568 3392 749 3452 novissimo
786 3392 839 3452 die
870 3392 1045 3452 manifeste
1076 3392 1130 3452 ad·

368 3490 504 3549 venerit.
547 3489 638 3549 Tunc
667 3490 754 3550 enim
785 3490 921 3552 Christo
951 3499 1128 3566 apparente

331 3587 401 3648 aoin
424 3587 593 3647 maiestate
615 3605 674 3647 sua
696 3597 727 3647 et
748 3588 866 3664 gloria:
889 3587 1044 3648 reddetur
1059 3588 1128 3648 uni·

369 3685 488 3761 cuique
504 3686 593 3745 iuxta
613 3703 713 3761 opera
734 3703 802 3745 sua.
838 3684 930 3745 Tunc
953 3686 1129 3746 cessabunt

728 3789 767 3831 no
