2692 4659
274 680 594 733 mm
642 681 660 721 V
708 681 1030 734 immam&

277 813 373 873 nimia
394 813 583 874 deficerent.
626 814 768 891 Quidam
798 816 895 876 etiam
924 814 1032 875 subita

277 911 484 987 temptatione
507 912 599 972 fracti
622 913 828 974 ceciderunt:
860 914 912 973 alii
937 913 1032 989 longa

278 1009 476 1085 aegritudine
505 1010 666 1086 quassati,
698 1012 858 1071 humiliati
890 1021 967 1072 sunt
998 1011 1031 1071 in

278 1105 501 1183 iniquitatibus
516 1108 603 1184 suis3
625 1120 657 1169 et
672 1126 755 1185 quos
770 1109 902 1169 divitiae
924 1119 956 1169 et
976 1110 1032 1168 ho·

278 1222 372 1266 nores
395 1205 597 1267 extulerunt:
620 1207 751 1267 dolores
773 1218 805 1267 et
820 1207 1055 1267 confusioness

278 1304 313 1363 ad
336 1303 519 1379 fragilitatis
541 1322 619 1364 suae
642 1305 862 1381 cognitionem
896 1305 1032 1364 reduxe-

277 1412 358 1461 runt.
388 1401 485 1462 Multi
508 1418 640 1477 quoque
662 1412 736 1476 post
757 1419 888 1478 gravem
905 1403 1031 1477 lapsum

276 1500 338 1560 cito
360 1498 558 1576 paenitendo
581 1499 735 1558 fortiores
750 1512 979 1559 surrexerunt:
1002 1510 1033 1560 et

276 1598 307 1657 in
337 1606 450 1657 sancta
480 1597 731 1658 conversatione
762 1597 860 1657 vitam
892 1597 1033 1657 laudabi-

274 1696 350 1757 liter
370 1707 649 1756 consummarunt.
1045 1708 1070 1747 10

314 1793 533 1870 Temporibus
571 1794 696 1855 Christi
740 1802 771 1853 et
813 1793 1032 1867 apostolorum

275 1893 348 1952 eius
371 1891 504 1952 fuerunt
518 1891 594 1951 boni
610 1890 705 1950 maiis
720 1890 882 1966 permixti,
904 1891 936 1949 in
957 1890 1034 1951 civi-

274 2001 340 2050 tate
362 1990 395 2049 in
418 1989 552 2049 itinere:
575 1989 608 2047 in
628 1988 725 2048 domo
747 1988 780 2047 in
797 1988 936 2049 deserto.
968 1987 1034 2048 nli-

274 2087 331 2166 qui
363 2087 500 2149 Christo
531 2084 740 2145 crediderunt
771 2096 803 2146 et
834 2103 933 2161 opera
963 2087 1035 2146 eius

274 2187 507 2247 laudaverunt:
529 2183 659 2259 quidam
683 2183 744 2243 sibi
761 2185 1035 2259 contradixerunt,
1047 2200 1071 2240 15

275 2294 308 2345 et
331 2285 371 2344 de
394 2300 433 2343 eo
449 2293 745 2342 murmuraverunt.
775 2282 916 2360 Quidam
938 2283 1033 2342 etiam

274 2382 417 2459 mystica
447 2380 546 2439 verba
577 2380 650 2440 eius
681 2381 765 2439 maie
797 2380 1036 2455 intellegentes

274 2482 385 2558 ipsum
416 2478 620 2553 deriserunt3
648 2488 680 2538 et
709 2478 785 2554 quia
814 2478 891 2537 vitia
922 2494 1034 2536 eorum

274 2578 362 2637 iuste
385 2576 661 2651 reprehendebat:
693 2593 771 2635 vera
792 2587 824 2637 et
846 2588 957 2636 sancta
979 2577 1036 2635 mi·

276 2675 387 2735 racuia
437 2673 509 2733 eius
560 2673 722 2733 invidiose
774 2674 1072 2750 denigraveruntzt)

276 2774 382 2834 Etiam
406 2772 541 2835 Christo
571 2773 778 2849 praedicante
802 2783 833 2831 et
864 2783 1036 2847 praesente

275 2871 413 2948 contigit
435 2871 520 2930 inter
548 2871 728 2946 discipulos
756 2871 864 2947 aliqua
893 2870 1037 2945 indigna-

275 2972 322 3031 tio
345 2980 377 3029 et
398 2968 588 3043 disceptatio
611 2967 685 3044 quis
701 2984 814 3027 eorum
831 2977 919 3026 esset
935 2967 1038 3026 maior

276 3079 310 3129 et
345 3067 471 3144 primus
506 3066 540 3127 in
576 3065 775 3142 praelatione
811 3075 843 3124 et
879 3064 1037 3141 regimine

276 3165 445 3226 nascentis
476 3164 654 3225 ecclesiae:
691 3180 787 3239 quam
820 3180 860 3222 ex
896 3162 1073 3222 diversisza

275 3264 360 3323 locis
382 3273 415 3323 et
436 3262 566 3339 populis
588 3272 621 3321 et
642 3261 818 3338 praecipue
850 3260 889 3319 de
919 3278 1037 3336 paupe-

277 3361 369 3420 ribus
400 3371 433 3420 et
463 3360 667 3435 simplicibus
699 3357 923 3434 congregavit3
954 3374 1037 3432 quos

277 3458 352 3535 pius
381 3466 414 3517 et
442 3457 576 3517 humilis
605 3456 759 3533 magister
786 3454 887 3514 verbo
916 3472 976 3513 suo
1006 3465 1037 3515 et

278 3555 429 3631 exemplo
452 3556 491 3615 ad
513 3555 602 3631 pacis
623 3553 830 3614 concordiam
853 3568 912 3626 per
933 3551 1037 3611 humi·

278 3653 377 3714 litatis
399 3652 486 3712 viam
508 3653 649 3728 benigna
670 3650 877 3725 correptione
906 3664 1074 3708 revoca-ao

279 3751 324 3811 vit
346 3752 470 3812 dicens.
514 3750 586 3810 Nisi
609 3749 761 3809 conversi
785 3746 914 3808 fueritis
936 3757 968 3807 et
990 3748 1037 3807 ei-

645 3855 672 3894 43
