2692 4659
237 688 1023 770 'mmmmm

288 822 396 898 saepius
425 823 506 884 ioris
535 823 666 900 spatiari
696 822 904 899 quaerimus:
936 821 1023 881 unde

288 932 398 990 parvum
421 920 565 982 fructum
587 929 801 997 reportamus.
845 920 1022 980 Erubesca-

289 1030 344 1075 mus
363 1018 468 1079 dilecti
492 1019 610 1079 iratres
631 1019 719 1095 quod
740 1029 805 1079 tam
821 1019 941 1077 multos
956 1018 1022 1094 glo·

289 1110 373 1173 tiosos
393 1128 524 1177 sanctos
542 1134 580 1177 ac
602 1126 732 1177 sanctas
747 1116 901 1192 virgines
924 1132 1022 1175 senes

289 1220 312 1269 et
327 1212 455 1274 iuvenes
478 1232 594 1291 passos
617 1215 773 1293 legimus:
795 1223 827 1273 et
848 1215 954 1274 adhuc
969 1230 1045 1290 pas

288 1322 342 1367 rum
361 1310 421 1386 pati
437 1311 598 1373 valemus.
628 1313 812 1389 Sequamur
833 1329 891 1371 eos
913 1312 1022 1388 paeni·

287 1407 365 1466 tendo
378 1409 417 1468 de
429 1409 539 1469 malis:
555 1427 638 1487 quos
653 1410 747 1486 sequi
764 1426 829 1469 non
846 1427 1022 1485 possumus

288 1499 433 1567 moriendo
449 1525 508 1584 pro
524 1508 709 1567 virtutibus,
735 1507 891 1567 Dicamus
907 1524 1022 1567 omnes

287 1605 424 1678 gemendo
447 1616 479 1666 et
502 1604 619 1664 flendo.
651 1604 814 1664 Miserere
835 1605 938 1665 nostri
958 1606 1023 1664 Do·

287 1698 366 1776 mine,
385 1720 480 1779 parce
502 1701 645 1779 peccatis
667 1702 807 1777 nostris3
831 1703 871 1762 da
892 1702 1021 1763 veniam
1035 1720 1058 1759 ιο

287 1795 318 1855 de
336 1802 478 1861 omnibus
500 1799 654 1860 offensis:
683 1801 812 1876 placare
835 1810 1021 1861 sanctorum

286 1901 394 1958 tuorum
407 1898 533 1958 meritis
549 1906 581 1957 et
595 1897 750 1973 precibus
764 1898 821 1957 tibi
836 1898 1022 1974 gratissime

286 1995 416 2069 acceptis

318 2087 388 2152 Sunt
401 2102 571 2169 praetcrea
588 2094 688 2154 etalii
705 2093 797 2153 multi
814 2104 1021 2154 accusatores
1032 2101 1114 2149 docus

286 2188 385 2249 nostri:
406 2190 533 2251 scilicet
548 2194 640 2252 locus
655 2203 760 2268 aptus,
782 2192 862 2251 ordo
878 2202 1021 2267 sanctus
1037 2173 1109 2291 ἓξὲξ

287 2293 312 2343 et
329 2287 447 2350 habitus
470 2290 653 2367 religiosus.
697 2289 784 2366 Quia
805 2299 837 2348 et
859 2289 886 2348 si
909 2307 1021 2349 saecu·
1045 2325 1095 2363 tus·

287 2381 338 2444 lum
359 2389 548 2465 reliquimus
569 2386 609 2446 ad
628 2389 758 2446 oculum
783 2387 874 2462 foris,
896 2398 927 2447 et
949 2387 1022 2447 reli-

285 2480 391 2554 giosum
400 2488 545 2547 habitum
554 2495 721 2562 portamus
733 2502 805 2544 cum
816 2484 902 2543 aliis:
914 2494 1022 2544 tamen

285 2589 383 2643 statuta
397 2585 522 2645 ordinis
537 2593 600 2643 tam
617 2582 729 2642 stricte
742 2599 807 2641 non
819 2582 1022 2641 custodimus

285 2674 353 2740 sicut
372 2682 593 2757 promisimus.
1031 2700 1058 2741 20

316 2773 515 2837 accusabunt
546 2794 607 2836 nos
637 2775 772 2853 praelati
810 2787 841 2837 et
877 2786 1022 2836 rectores
1032 2802 1112 2849 prae-

285 2876 384 2935 nostri:
416 2893 489 2935 cum
523 2874 644 2935 fuerint
676 2891 784 2934 coram
815 2875 950 2936 Christo
982 2874 1021 2934 de
1050 2860 1112 2943 ¹⁸³¹,

285 2964 351 3030 bona
371 2973 621 3033 conversatione
643 2983 755 3033 nostra
777 2973 951 3049 diligenter
965 2988 1023 3047 per
1032 2940 1122 2980 'mm‘

284 3063 391 3144 singula
420 3071 619 3147 interrogati.
662 3070 800 3147 Oportet
825 3070 912 3131 enim
936 3069 1021 3145 quod

283 3161 372 3228 dicant
393 3186 474 3245 pure
497 3169 543 3229 rei
566 3168 754 3229 veritatem:
783 3177 857 3227 ante
880 3166 1021 3225 iudicem
1031 3182 1058 3222 25

283 3258 437 3326 Christum
453 3268 562 3326 omnia
581 3275 707 3326 secreta
729 3266 898 3325 scientem.
935 3264 1023 3323 Inter

282 3365 367 3424 multa
394 3365 569 3440 praecipue
601 3373 777 3440 quaeretur
807 3364 846 3422 ab
878 3362 959 3439 ipsis
991 3371 1023 3421 et

280 3461 412 3539 exigetur
442 3480 460 3522 a
490 3462 603 3522 nobis:
639 3462 667 3520 si
699 3461 732 3520 in
764 3461 916 3520 omnibus
947 3476 1020 3517 cum

278 3556 371 3620 debita
393 3560 578 3619 reverentia
595 3559 808 3618 oboedientes
831 3558 971 3631 fuimus3
993 3557 1020 3616 si

276 3673 375 3731 pacem
393 3667 425 3719 et
440 3657 647 3717 concordiam
664 3673 738 3715 cum
763 3655 917 3715 iratribus
932 3656 1057 3714 salvaso

274 3756 387 3816 ordinis
403 3755 576 3831 disciplina
590 3754 813 3815 servavimus:
830 3753 856 3811 si
874 3753 1020 3812 divinum

625 3859 662 3900 127
