2692 4659
451 724 456 745 .
513 712 567 746 *1*
605 711 646 753 xn
683 712 1005 765 mmmmm

242 860 331 902 rare:
364 854 527 920 quatenus
558 862 670 907 eorum
703 846 841 906 virtutes
870 856 1003 905 strenue

241 942 411 1017 imitando,
432 958 619 1002 mereamur
640 942 731 1003 finito
753 944 937 1018 praesentis
958 944 1004 1002 vi-

242 1047 295 1099 tae
310 1039 417 1099 stadio
433 1040 472 1099 ad
484 1056 597 1099 eorum
614 1040 805 1100 societatem
821 1042 1003 1117 pervenire.

244 1135 345 1212 Igitur
382 1136 410 1196 si
442 1153 508 1195 non
540 1154 718 1212 possumus
748 1139 941 1214 gravissima
972 1148 1004 1198 et

242 1235 374 1295 diversa
389 1244 626 1295 tormentorum
648 1253 770 1312 genera
792 1254 864 1296 cum
882 1238 1026 1298 sanctiss

243 1333 444 1411 martyribus
466 1332 648 1408 sustinere3
671 1334 862 1394 studeamus
884 1352 942 1410 pro
957 1335 1003 1394 vi·

243 1431 335 1491 ribus
357 1430 481 1490 nostris
503 1447 577 1490 cum
604 1432 852 1492 confessoribus
881 1443 912 1492 et
934 1450 1003 1492 ere·

242 1529 333 1588 mitis
354 1529 389 1588 in
412 1538 524 1588 sancta
545 1528 714 1604 religione,
736 1529 920 1604 humiliter,
950 1547 1003 1605 pa·

243 1627 379 1701 tienter,
408 1635 441 1686 et
466 1626 672 1686 continenter
693 1626 821 1687 vivere:
851 1628 1003 1702 quemad·

244 1725 376 1784 modurn
410 1732 442 1783 et
472 1723 518 1782 illi
551 1724 621 1783 Deo
652 1724 861 1800 placuerunt,
893 1726 1039 1785 multisro

244 1821 351 1898 longis
373 1820 494 1897 vigiliis
523 1830 555 1880 et
583 1821 716 1880 ieiuniis
745 1838 875 1881 carnem
899 1839 1003 1881 mace·

245 1920 355 1979 rando.
409 1918 574 1978 Describit
609 1936 751 1995 namque
781 1921 939 1996 propheta
970 1920 1002 1979 in

245 2017 328 2078 dicto
361 2017 478 2092 psalmi
511 2016 693 2092 versiculo,
729 2018 835 2094 qualis
866 2018 908 2077 sit
938 2018 1003 2078 vita

245 2115 318 2176 iusti
342 2115 405 2174 viri
428 2114 587 2189 placentis
606 2115 693 2175 Deo:
716 2125 748 2175 et
770 2134 865 2192 quam
888 2117 1003 2176 beatus

246 2213 350 2273 exitus
373 2211 457 2286 eius,
479 2211 533 2286 qui
556 2214 774 2287 permanserit
793 2223 947 2273 constans
969 2215 1002 2273 in
1014 2231 1038 2271 15

246 2310 411 2386 proposito
434 2317 556 2369 sancto.
600 2309 689 2370 Solet
711 2321 817 2371 autem
840 2311 904 2371 vita
926 2311 1001 2371 iusti

246 2406 303 2465 viri
326 2425 364 2466 ac
382 2407 459 2466 boni
476 2407 619 2484 religiosi
636 2426 675 2468 ex
690 2409 883 2485 quibusdam
900 2410 1003 2485 signis

246 2505 359 2580 notari,
382 2515 414 2564 et
433 2505 573 2566 maxime
590 2507 828 2582 commendari3
851 2508 1003 2568 videlicet

246 2613 277 2662 ut
292 2603 411 2663 habeat
427 2621 464 2663 os
481 2604 678 2665 custoditum
702 2623 720 2664 a
741 2606 836 2680 malo,
859 2606 1000 2681 linguam

246 2700 403 2760 eruditam
426 2701 584 2763 inbono:
607 2721 663 2763 cor
685 2704 831 2780 quietum
857 2721 874 2762 a
896 2704 1038 2764 turba-20

246 2798 346 2873 tione,
370 2799 522 2859 devotum
546 2800 579 2860 in
609 2802 772 2876 oratione,
803 2818 1000 2876 suspensum

246 2894 275 2955 in
298 2898 592 2973 contemplatione3
615 2909 649 2958 ut
672 2899 767 2959 faciat
782 2916 865 2974 opus
879 2899 1000 2958 bonum

246 3010 317 3053 cum
341 3004 430 3054 recta
457 2996 638 3055 intentione
667 2996 707 3055 ad
730 2997 853 3055 Deum:
882 3006 1001 3056 careat-

245 3108 305 3167 que
328 3093 463 3152 sinistra
478 3094 667 3170 suspicione
683 3094 722 3153 ad
738 3094 931 3170 proximum.
964 3094 1002 3152 Et

245 3190 296 3265 qui
320 3190 384 3250 ista
406 3191 527 3251 habere
551 3191 724 3265 desiderat,
756 3192 859 3267 legem
884 3191 944 3251 Dei
969 3191 1001 3250 in
1011 3212 1037 3251 25

245 3288 340 3348 corde
364 3305 425 3347 suo
447 3299 561 3365 ponat3
585 3307 677 3349 sacra
693 3289 791 3348 verba
814 3290 1002 3366 frequenter

244 3386 371 3462 cogitet,
394 3385 533 3446 libenter
549 3386 657 3446 audiat
679 3396 711 3446 et
733 3388 831 3461 legat:
854 3387 893 3446 de
909 3403 1001 3445 mun·

244 3483 334 3543 danis
351 3500 431 3543 vero
453 3484 557 3560 sileat,
579 3495 703 3546 tantum
721 3485 760 3545 de
783 3486 835 3545 his
857 3502 940 3561 quae
962 3485 1001 3544 ad

243 3583 379 3643 salutem
399 3582 527 3642 animae
549 3583 713 3658 pertinent
735 3600 845 3642 curam
868 3581 1001 3657 amplio-

243 3697 309 3741 rem
331 3690 441 3758 gerat:
468 3680 592 3740 alienas
614 3680 853 3740 sollicitudines
875 3678 1037 3752 abiciat‚oo

242 3781 368 3840 nullum
397 3788 528 3855 tempus
556 3780 621 3841 otio
651 3780 832 3856 indulgeat3
860 3780 918 3839 sed
947 3779 999 3839 vel

609 3886 636 3926 aa
862 3884 892 3924 o·
