2692 4659
228 687 560 741 mffiffiffl
593 686 648 727 ΧΧΧ
676 686 997 738 mamam

232 822 299 883 erit
335 821 420 881 sicut
456 820 552 880 etiam
589 828 743 895 expertus
775 836 847 878 sum
880 819 912 878 in
944 837 996 879 me

232 922 310 997 ipso
342 928 374 978 ct
405 919 438 978 in
469 919 542 979 aliis
573 920 633 978 hac
664 917 817 995 passione
845 919 996 995 gravatis.

234 1016 414 1094 Acquievit
426 1016 501 1077 ilico
514 1017 613 1077 irater
623 1015 769 1091 monitis;
785 1025 817 1075 et
828 1016 996 1076 descendit

234 1116 278 1175 de
293 1114 484 1174 dormitorio
498 1114 665 1174 doloribus
676 1113 820 1174 nondum
833 1114 996 1190 mitigatis.

235 1212 387 1272 Veniens
419 1229 495 1289 ergo
524 1214 562 1272 ad
592 1212 720 1272 ianuam
751 1210 841 1270 chori
871 1211 1020 1287 aperuits

235 1310 387 1369 ianuam:
417 1309 553 1385 cupiens
578 1309 731 1369 invocare
753 1308 909 1368 auxilium
933 1310 997 1368 Do·

236 1407 330 1467 mini.
355 1407 488 1467 Intravit
498 1407 606 1483 itaque
618 1409 770 1467 chorum:
782 1417 813 1466 et
824 1406 998 1482 prostravit

235 1522 275 1565 se
308 1504 403 1564 flexis
432 1504 571 1581 genibus
599 1515 673 1565 ante
703 1521 868 1565 summum
898 1505 997 1567 altare

236 1619 340 1679 super
355 1602 533 1662 scabellum
545 1602 578 1662 in
590 1601 776 1678 praesentia
787 1603 997 1664 Sacramenti.

237 1701 395 1775 Cumque
431 1700 595 1775 coepisset
629 1718 723 1760 orare
754 1701 787 1761 in
819 1713 1034 1778 conspectum

238 1797 373 1859 Domini
397 1808 428 1857 et
450 1807 525 1858 ante
547 1816 657 1858 sacras
680 1798 836 1875 reliquias
857 1799 890 1858 in
906 1798 996 1859 altari

236 1897 385 1956 clausas:
414 1896 567 1970 paulatim
597 1896 690 1956 dolor
711 1896 844 1973 quievit.
888 1898 926 1957 Et
948 1914 998 1956 ac·

236 2003 333 2070 cepta
349 1992 467 2053 fiducia
481 1994 639 2070 prolixius
655 1994 765 2055 orabat
775 1993 880 2055 donec
891 1994 998 2055 omnis

237 2094 333 2153 dolor
353 2101 506 2151 cessaret.
538 2091 629 2152 Tunc
645 2110 784 2171 surgens
799 2094 918 2172 gratias
934 2093 998 2172 egit

238 2193 312 2251 Deo
335 2200 368 2249 et
389 2189 511 2250 sanctis
533 2189 605 2250 cius
627 2199 659 2251 et
679 2200 791 2251 sancto
809 2191 997 2252 Pantalconi
1011 2207 1034 2248 ts

238 2287 375 2365 martyri
400 2287 541 2349 Christi:
571 2287 665 2348 cuius
688 2298 764 2349 tunc
788 2289 907 2350 festum
931 2300 999 2350 erat

237 2400 270 2449 et
292 2404 392 2465 quem
415 2386 545 2446 sincero
568 2388 666 2448 corde
682 2386 844 2464 diligebat.
881 2386 999 2446 Postea

237 2504 313 2546 cum
347 2483 468 2544 laetitia
496 2485 616 2545 mentis
645 2486 745 2546 altare
774 2485 938 2545 circuiens
967 2495 1000 2545 et

236 2584 359 2644 ostium
384 2582 585 2643 Sacramenti
608 2584 725 2644 devote
748 2585 918 2659 osculanS,
944 2582 999 2643 de·

237 2680 368 2741 scendit
389 2681 428 2739 ad
452 2681 577 2758 reliqua
598 2682 711 2742 altaria
733 2681 765 2741 in
789 2681 929 2741 ecclesia
944 2699 1035 2758 p0·ao

237 2779 311 2855 sita,
334 2795 432 2838 orans
454 2790 485 2839 et
506 2779 625 2856 gratias
643 2797 743 2857 agens
759 2779 791 2839 in
808 2789 998 2855 tantumque

238 2875 421 2936 convaluit:
451 2887 485 2936 ut
514 2894 588 2936 cum
617 2877 770 2937 fratribus
792 2879 831 2938 ad
854 2878 996 2938 laborem

238 2974 332 3034 etad
356 2975 491 3034 chorum
515 2975 630 3035 eodem
654 2974 707 3035 die
723 2975 861 3036 transire
877 2985 998 3052 posset.

559 3150 677 3200 ALlVD.

237 3210 436 3428 &Quem
461 3270 590 3347 quidam
615 3269 785 3332 familiaris
803 3273 835 3332 in
859 3275 1034 3350 quadamzs

365 3369 462 3429 domo
484 3368 608 3430 ordinis
627 3370 749 3445 nostri,
772 3371 861 3431 venit
882 3374 921 3431 ad
946 3390 997 3433 ec·

238 3466 374 3527 clesiam
405 3483 503 3526 causa
525 3467 709 3528 devotionis
731 3478 766 3530 ut
787 3483 910 3531 oraret:
939 3473 997 3532 sed

237 3564 369 3626 diabolo
391 3572 568 3640 temptante
591 3573 623 3625 et
645 3566 773 3643 pigritia
790 3569 996 3643 praevalente

237 3661 348 3739 coepit
384 3661 504 3722 ibidem
539 3663 723 3725 dormitare.
774 3665 926 3743 Cumque
958 3668 996 3727 ad

235 3760 477 3838 quiescendum
497 3762 650 3821 deorsum
667 3779 703 3822 se
720 3763 928 3824 collocasset:
951 3764 1033 3823 vi-so

599 3867 640 3909 ³13
