2692 4659
237 695 561 749 ffissssilffissffi
592 693 645 737 xlll
677 695 998 748 &mmmm

239 845 305 887 non
337 827 507 889 sufiiciunt
536 830 574 889 ad
603 830 737 905 plenum
767 828 894 888 animae
922 845 998 904 gau·

239 925 346 986 dium:
375 925 434 985 sed
463 927 555 987 solus
578 927 672 986 lesus
694 926 818 986 sufficit
839 927 878 986 ad
901 941 998 985 omne

240 1023 439 1083 desiderium
463 1023 710 1099 perficiendum.
754 1023 883 1085 Cuncta
909 1031 999 1083 extra

241 1121 348 1181 Iesum
377 1122 568 1182 crucifixum
590 1131 749 1198 generant
778 1122 943 1182 fastidium
967 1131 999 1181 et

241 1220 359 1279 habent
381 1219 563 1279 deiectum:
586 1228 617 1279 et
633 1218 726 1296 quasi
747 1220 945 1280 absinthium
967 1229 1021 1279 ets

242 1316 282 1376 fel
304 1317 547 1377 amarissimum
570 1327 723 1394 torquent
738 1318 881 1377 animum
898 1316 997 1377 variis

243 1414 413 1474 desideriis
436 1425 639 1491 occupatum.
669 1398 755 1474 Fons
778 1414 876 1491 igitur
890 1414 997 1474 omnis
1008 1433 1069 1472 nota

242 1512 314 1572 boni
351 1522 384 1573 et
419 1514 519 1574 totius
554 1513 789 1574 consolationis
819 1511 997 1572 mellifluus

243 1610 345 1671 rivus:
376 1612 470 1671 lesus
493 1611 667 1688 Christus,
691 1628 791 1671 verns
813 1610 998 1670 consolator

243 1709 431 1771 animarum.
481 1710 547 1787 Qui
576 1711 646 1770 vult
677 1727 696 1769 a
723 1710 794 1768 Deo
825 1706 998 1780 consolari,
1009 1728 1034 1769 ro

244 1806 348 1867 lesum
372 1807 406 1867 in
428 1808 555 1868 socium
575 1808 688 1884 eligat:
711 1824 785 1866 cum
801 1823 866 1882 quo
888 1805 998 1880 loqua-

242 1912 290 1964 tur
305 1914 337 1965 et
352 1906 497 1965 ambulet
512 1906 615 1965 donec
631 1905 670 1964 ad
682 1905 807 1963 caelum
820 1902 997 1978 perveniat.

243 2001 341 2063 Stude
363 2003 397 2061 in
420 2020 530 2063 amore
553 2004 628 2063 lesu
650 2003 773 2078 vivere,
795 2002 852 2062 toti
876 2001 997 2060 mundo

242 2101 338 2160 mori:
362 2110 394 2160 et
416 2100 449 2159 in
473 2118 570 2160 cruce
586 2100 712 2162 Christi
728 2118 793 2159 non
816 2099 849 2158 in
872 2109 903 2158 te
925 2098 997 2174 ipso

240 2215 298 2257 nec
321 2198 356 2257 in
378 2198 567 2258 hominibus
588 2198 729 2275 gloriari.
759 2198 817 2257 llla
838 2197 918 2256 hora
939 2196 995 2255 tibi
1008 2217 1032 2257 rs

240 2312 338 2372 saepe
360 2297 529 2372 pensanda
550 2308 617 2358 est:
640 2297 768 2373 quando
791 2312 856 2354 non
874 2293 997 2370 poteris

239 2395 380 2469 amplius
402 2412 504 2454 unum
526 2396 662 2455 verbum
685 2394 792 2471 loqui,
813 2410 874 2452 nec
897 2409 997 2451 mern·

238 2492 332 2552 brum
352 2510 496 2553 movere.
527 2493 565 2554 Et
587 2493 737 2569 quamvis
760 2490 934 2567 religiosus
956 2488 998 2548 sit

237 2590 380 2650 terrenis
403 2591 499 2650 bonis
520 2600 553 2651 et
574 2591 689 2650 amicis
711 2590 873 2666 privatus:
902 2587 998 2645 habet

237 2696 348 2747 tamen
359 2689 535 2749 caelestem
551 2690 741 2750 thesaurum
758 2688 790 2747 in
802 2704 876 2746 arca
891 2684 1034 2745 cordisao

237 2787 289 2846 sui
320 2787 487 2862 clausum,
516 2787 624 2847 lesum
650 2786 821 2847 Christum
851 2793 883 2843 et
910 2783 997 2841 hunc

238 2883 443 2945 crucifixum.
466 2885 573 2946 Habet
583 2893 615 2944 et
630 2884 859 2944 fidelissimum
870 2883 997 2941 animae

237 3000 319 3043 suae
355 2983 496 3043 amicum
528 3001 564 3043 ac
601 2982 880 3059 sapientissimum
912 2981 1016 3058 vitae¹

237 3097 319 3139 suae
335 3081 519 3140 doctorem:
544 3080 651 3156 ipsum
669 3081 791 3156 Regem
808 3077 996 3154 angelorum

237 3179 454 3254 omniumque
474 3196 582 3238 rerum
601 3178 814 3238 conditorem.
845 3176 904 3236 Vis
920 3193 996 3252 ergo
1007 3195 1035 3236 25

237 3276 361 3336 habere
384 3294 497 3352 pacem
520 3286 552 3336 et
580 3276 845 3353 tranquillitatem
871 3274 996 3350 cordis3

237 3384 271 3434 et
299 3375 435 3452 gratiam
458 3374 584 3436 Christi
615 3384 647 3435 et
668 3374 842 3434 amicitiam
868 3373 996 3449 angelo·

238 3490 311 3532 rum
342 3472 552 3548 promereri?
603 3472 789 3534 Contemne
824 3480 856 3531 te
888 3471 996 3546 ipsum

237 3580 371 3646 propter
394 3569 581 3646 Christum3
610 3580 642 3630 et
664 3579 819 3646 quantum
841 3568 998 3644 possibile

238 3678 290 3728 est
315 3668 412 3728 stude
434 3668 555 3727 habere
578 3685 634 3727 cor
655 3685 791 3743 purum,
820 3685 838 3726 a
866 3666 1034 3726 saeculoao

238 3775 463 3843 segregatum:
494 3766 533 3825 ad
565 3765 675 3825 divina
707 3766 868 3826 fervidum
899 3774 930 3824 et
959 3764 998 3822 ad

605 3870 633 3910 oa
