2692 4659
353 648 514 701 ww
541 647 704 690 SERMONES
719 648 759 690 Al)
776 646 925 690 NOVlCIOS
948 647 1113 699 &ww

354 792 556 843 secretorum
585 780 733 859 cognitor
759 780 851 841 novit
881 780 1017 841 astutias
1047 780 1114 840 dia-

353 881 493 940 bolicas:
515 880 570 956 qui
594 881 688 940 docet
711 896 767 939 eas
789 878 1032 955 praecavendas
1054 896 1115 954 per

354 978 532 1054 scripturas
560 996 670 1040 sacras
701 997 741 1039 ex
767 978 888 1055 Spiritu
918 987 1031 1038 sancto
1062 995 1112 1037 re·

353 1076 486 1136 velatas.
537 1077 626 1153 Quid
661 1094 739 1153 ergo
775 1076 872 1136 faciet
907 1078 1005 1135 homo
1041 1092 1111 1152 gra-

331 1173 438 1233 sviter
458 1183 650 1250 temptatus,
677 1186 709 1236 et
730 1173 954 1251 multipliciter
974 1182 1112 1233 vexatus

354 1289 372 1330 a
394 1270 477 1330 facie
499 1271 640 1346 inimici3
664 1272 719 1348 qui
743 1272 839 1333 etiam
863 1288 971 1331 coram
994 1270 1112 1330 alienis

354 1377 525 1428 accusatur
555 1379 588 1428 et
616 1369 809 1430 deridetur?
852 1369 914 1430 Vbi
946 1368 1048 1444 fugiet
1077 1378 1112 1429 ut

354 1466 488 1541 laqueos
511 1466 641 1542 evadat;
670 1477 703 1526 et
724 1467 808 1526 mala
829 1483 894 1526 non
919 1466 1027 1527 audiat
1049 1483 1111 1526 nec

353 1561 487 1622 videat?
509 1563 648 1640 Quando
660 1563 770 1624 veniet
786 1572 932 1640 tempus3
948 1573 982 1624 ut
997 1580 1111 1639 pacem

321 1670 386 1722 roet
408 1660 550 1736 quietem
574 1661 717 1721 habeat?
760 1660 834 1720 Dixi
857 1660 966 1720 vobis:
997 1670 1029 1721 et
1053 1660 1111 1721 ite·

355 1775 426 1817 rum
442 1758 514 1817 dico
537 1759 690 1819 omnibus
706 1758 814 1835 parvis
832 1770 863 1818 et
879 1758 1013 1834 magnis.
1044 1758 1112 1819 Pax

355 1866 465 1915 nostra
495 1865 545 1916 est
575 1856 608 1916 in
638 1858 739 1917 multa
770 1856 940 1933 patientia3
971 1855 1003 1915 in
1033 1872 1113 1915 vera

354 1952 552 2028 humilitate,
583 1953 616 2013 in
645 1963 832 2030 contemptu
862 1953 1007 2013 omnium
1035 1969 1113 2013 con·

354 2050 549 2111 solutionum
565 2061 780 2127 terrenarum,
798 2051 831 2111 in
849 2050 921 2111 forti
938 2050 1112 2111 tolerantia

320 2173 344 2212 rs
354 2149 607 2210 contrariorum:
629 2150 662 2209 in
686 2148 861 2225 longanimi
884 2148 1111 2224 expectatione

354 2246 543 2307 caelestium
554 2247 756 2323 gaudiorum.
773 2246 1001 2306 Recordamini
1013 2246 1113 2323 igitur

354 2345 514 2405 carissimi
538 2345 570 2404 in
588 2344 796 2405 tribulatione
810 2354 920 2403 vestra
935 2344 1111 2404 beneficio-

354 2460 425 2502 rum
456 2442 640 2503 divinorum
678 2451 710 2501 et
741 2441 936 2503 mirabilium
972 2460 1111 2519 operum

353 2557 505 2616 suorum,
540 2541 579 2600 ab
611 2538 704 2599 initio
736 2546 903 2599 creaturae
935 2558 1038 2617 usque
1071 2543 1111 2602 ad

317 2638 668 2701 aoconsummationem
701 2637 840 2697 saeculi:
872 2649 903 2699 et
934 2638 1112 2699 invenietis

354 2736 439 2812 quod
462 2736 565 2812 pietas
588 2738 648 2797 Dei
680 2738 807 2798 excedit
830 2736 983 2797 malitiam
1006 2737 1112 2797 homi-

354 2853 430 2894 num
463 2836 624 2911 parcendo
656 2854 769 2896 eorum
801 2836 913 2896 malis:
946 2844 980 2895 ut
1010 2834 1110 2894 vitam

353 2934 528 2994 emendent
557 2934 589 2993 in
619 2934 747 2993 melius.
791 2934 829 2994 Et
857 2951 930 2994 cum
959 2934 1030 3009 pios
1056 2933 1112 2993 lla-

352 3032 449 3108 gellat
470 3031 633 3091 adversis:
662 3032 758 3091 etiam
781 3049 925 3091 amorem
955 3048 1051 3091 suum
1078 3031 1112 3091 in

316 3152 344 3192 25
354 3128 481 3188 dilectis
502 3129 653 3189 ostendit.
686 3130 751 3206 Qui
769 3147 846 3206 ergo
861 3130 998 3189 verbera
1013 3129 1113 3188 bene·

354 3226 426 3285 licia
448 3236 614 3301 reputant,
645 3226 706 3302 ipsi
729 3244 816 3286 nunc
839 3243 951 3303 pacem
974 3226 1113 3286 habent:

353 3326 467 3385 ethos
495 3323 732 3384 iucundissima
760 3325 929 3385 retributio
954 3334 1113 3400 sequetur

353 3423 385 3482 in
408 3423 517 3482 caelis.
549 3422 594 3482 lbi
612 3422 699 3482 enim
715 3423 812 3499 plena
827 3441 887 3499 pax
903 3432 935 3482 et
950 3421 1112 3482 securitas

353 3521 391 3579 ab
414 3520 579 3595 hostibus;
608 3520 740 3580 libertas
769 3520 913 3595 avitiis,
943 3519 1066 3580 sanitas
1095 3537 1113 3579 a

316 3618 490 3683 somorbis:
513 3617 645 3693 requies
666 3635 685 3676 a
706 3616 880 3677 laboribus.
911 3616 957 3675 lbi
979 3616 1110 3677 divitiae

352 3715 423 3774 sine
454 3714 693 3790 sollicitudine,
724 3714 860 3774 deliciae
891 3714 963 3774 sine
996 3714 1110 3774 amari-

712 3818 750 3859 ns
