2692 4659
314 669 475 723 <mm
503 670 664 713 SERMONES
680 671 720 713 nt>
736 669 885 713 NOVICIOS
909 671 1075 725 &ww

485 813 542 873 DE
571 811 717 873 LAVDE
747 813 899 875 BONAE

485 909 899 973 CONGREGATIONIS.

524 1060 644 1111 SERMO
662 1059 857 1110 SECVNDVS.

315 1139 520 1360 &linter
532 1197 589 1272 qui
602 1196 779 1257 adiuvatur
793 1213 814 1256 a
830 1199 952 1274 fratre:
973 1197 1071 1271 quasi

292 1313 306 1354 s

442 1294 556 1355 civitas
565 1295 672 1369 firma
696 1288 943 1355 Dilecti'lratres
958 1305 1069 1356 notate

314 1392 414 1452 verba
435 1391 497 1453 ista
518 1409 536 1451 a
557 1391 733 1452 Salomone
752 1392 917 1468 sapienter
942 1402 973 1452 et
996 1410 1068 1468 pro-

315 1489 399 1550 ficue
421 1489 522 1550 dicta:
544 1498 576 1549 et
597 1499 707 1551 tenete
726 1498 975 1566 perseveranter
997 1491 1069 1551 loca

314 1596 423 1647 vestra
449 1586 482 1645 in
509 1585 665 1647 societate
692 1587 786 1647 bona.
829 1586 996 1647 Sustinete
1020 1588 1068 1647 in-

314 1685 419 1745 vicem
442 1701 516 1744 curn
539 1684 628 1743 omni
651 1683 834 1744 humilitate
863 1694 895 1744 et
916 1701 1068 1745 mansue-

280 1782 426 1843 rotudine
456 1783 613 1857 portando
645 1798 746 1842 onera
775 1792 900 1842 vestra:
936 1794 1069 1858 propter

313 1882 414 1941 multa
429 1878 573 1956 pericula
588 1879 765 1955 evadenda,
780 1889 812 1939 et
823 1878 962 1939 maxima
977 1897 1068 1955 prae·

313 1978 379 2039 mia
400 1980 528 2040 animae
550 1989 680 2040 vestrae
702 1996 720 2038 a
742 1979 812 2038 Deo
841 1979 1068 2053 promerenda.

314 2076 531 2154 Congregatio
553 2076 674 2153 quippe
696 2076 873 2136 bonorum:
902 2085 952 2135 est
974 2075 1068 2151 quasi

313 2174 412 2235 turris
442 2174 641 2235 fortitudinis
672 2191 691 2233 a
722 2173 804 2233 facie
835 2173 969 2233 inimici.
1019 2174 1067 2234 Ibi

279 2290 453 2349 unamque
476 2274 573 2333 homo
596 2271 747 2332 securius
763 2271 858 2345 vivit:
881 2271 935 2331 ubi
957 2288 976 2330 a
996 2271 1068 2347 plu·

313 2370 403 2430 ribus
425 2370 563 2430 iuvatur.
600 2369 639 2429 Et
660 2368 688 2428 si
711 2368 874 2429 interdum
896 2369 935 2428 ab
957 2368 1068 2445 aliquo

312 2468 498 2528 tribulatur:
514 2466 552 2526 ab
568 2466 631 2525 alio
647 2483 762 2526 rursus
774 2465 969 2526 consolatur.
999 2466 1067 2543 Qui

312 2566 416 2627 bonae
445 2564 622 2625 voluntatis
652 2574 702 2624 est
731 2574 763 2624 et
786 2564 892 2623 Deum
924 2564 1068 2640 quaerit:

312 2664 398 2725 inter
413 2665 519 2725 Deum
536 2672 732 2741 quaerentes
754 2662 894 2737 amplius
908 2660 1069 2737 proficiet,

276 2771 345 2822 aoet
367 2761 493 2821 firmius
516 2761 621 2821 stabit.
652 2760 699 2820 Ibi
716 2761 814 2820 homo
830 2759 932 2835 magis
953 2758 987 2818 in
1003 2759 1069 2819 vir-

312 2868 380 2919 tute
402 2859 566 2935 probatur,
588 2868 620 2919 et
635 2866 823 2918 exercetur:
846 2856 890 2915 ibi
914 2856 1069 2932 frequen-

312 2967 362 3017 ter
383 2958 423 3017 de
445 2956 650 3034 neglegentia
671 2955 825 3032 arguitur.
868 2954 914 3015 Ibi
937 2955 976 3014 ad
995 2972 1069 3030 per-

313 3053 448 3113 fectiora
470 3053 570 3113 verbo
600 3061 632 3113 et
660 3052 810 3127 exemplo
840 3050 993 3111 trahitur:
1023 3052 1068 3114 ibi

312 3167 405 3210 suam
428 3150 711 3227 imperfectionem
735 3147 943 3208 considerare
965 3159 997 3209 et
1019 3151 1069 3211 lu-

276 3265 389 3325 regere
420 3248 635 3325 compellitur.
688 3247 733 3307 ibi
766 3246 899 3307 alterius
936 3246 1068 3310 fervore

313 3345 486 3419 excitatur:
526 3346 661 3407 alterius
697 3344 879 3405 humilitate
914 3345 1069 3422 docetur3

312 3444 407 3503 istius
423 3443 629 3504 oboedientia
651 3452 817 3502 movetur:
840 3442 928 3501 illius
944 3442 1068 3517 patien-

288 3543 355 3603 ·tia
389 3541 586 3603 aedificatur.
638 3540 684 3601 lbi
721 3541 960 3601 verecundatur
991 3557 1069 3601 esse

312 3640 424 3700 vilior:
452 3639 495 3699 ibi
526 3637 737 3699 confunditur
764 3636 905 3697 inveniri
934 3637 1068 3699 tardior.

275 3737 513 3820 mibi-invenit
541 3754 624 3813 quos
652 3736 761 3812 timet;
791 3735 834 3795 ibi
864 3735 960 3795 habet
982 3753 1069 3812 quos

678 3842 702 3882 14
