2692 4659
287 670 449 722 mamma
476 669 638 713 senuouas
653 671 694 712 no
710 669 860 713 uovtctos
884 671 1050 724 [maman
1094 677 1096 694 ¹

207 823 271 875 sene·
349 803 459 865 Tertio
489 803 584 865 debet
612 804 730 863 domus
759 803 886 865 animae
916 815 1048 867 nostrae

204 888 411 989 ffihabere
433 912 558 977 septem
589 902 750 962 fenestras
779 903 883 962 claras
905 904 946 962 ad
969 901 1047 962 reci·

290 999 445 1075 piendum
468 1000 579 1059 lumen
601 998 682 1058 caeli
706 999 776 1058 Deo
803 1016 937 1075 semper
959 1016 1046 1075 aper·

290 1107 356 1156 tas:
372 1096 430 1157 sed
447 1107 559 1156 contra
573 1096 691 1156 diaboli
708 1096 849 1156 tonitrua
865 1107 896 1157 et
912 1096 1046 1157 fulmina

190 1188 192 1192 ’
268 1195 428 1254 sclausas.
456 1193 540 1254 lstae
557 1194 721 1254 fenestrae
737 1204 813 1254 sunt
828 1205 955 1270 septem
966 1195 1047 1254 dona

293 1292 434 1368 Spiritus
456 1292 576 1367 sancti3
596 1309 680 1367 quae
702 1292 887 1352 illuminant
909 1292 1046 1352 animam

292 1407 351 1465 per
372 1389 517 1450 veritatis
549 1389 784 1466 cognitionem:
814 1400 846 1449 et
867 1391 1047 1450 accendunt

292 1488 381 1547 intus
411 1504 469 1563 per
489 1487 610 1547 amoris
643 1487 816 1547 fervorem.
861 1487 923 1547 His
955 1486 1046 1547 donis

293 1584 436 1660 acceptis
466 1594 498 1644 et
528 1584 677 1644 accensis
713 1584 865 1661 fugantur
895 1585 1046 1645 tenebrae

259 1692 517 1757 ropeccatorum‚
554 1693 585 1742 et
620 1682 855 1742 delectationes
891 1697 1046 1741 sensuum

294 1779 510 1854 exteriorum:
532 1796 615 1855 quae
638 1791 814 1840 excaecant
835 1781 950 1840 oculos
972 1778 1046 1839 stul·

294 1886 399 1936 torum
436 1876 682 1952 respicientium
714 1877 873 1938 vanitates
916 1878 1047 1938 munda·

294 1992 428 2035 norum:
450 1975 505 2051 qui
535 1977 711 2052 neglegunt
733 1978 797 2036 heu
819 1976 955 2053 gloriam
977 1976 1048 2036 bea·

295 2082 401 2132 torum
437 2072 470 2132 in
502 2090 602 2150 regno
638 2075 813 2134 caelorum.
857 2073 1048 2135 Cavendum

261 2191 286 2231 15
295 2187 372 2247 ergo
394 2171 488 2230 valde
509 2187 552 2231 ne
575 2170 738 2231 fenestrae
765 2171 893 2231 animae
922 2180 1051 2231 nostrae

296 2270 513 2329 obscurentur
529 2268 618 2328 fumo
640 2269 839 2344 iracundiae,
860 2278 915 2328 aut
935 2268 1072 2328 nebula

296 2366 465 2442 tristitiae3
487 2378 541 2427 aut
563 2368 700 2442 pulvere
722 2384 825 2428 vanae
846 2366 979 2443 gloriae,
1002 2375 1083 2425 aut?

296 2465 381 2540 tu'rpi
404 2466 561 2542 imagine:
588 2474 642 2524 aut
664 2466 759 2542 longa
781 2464 1052 2525 confabulatione.

297 2563 472 2623 Vitandum
488 2562 663 2638 praecipue
681 2580 722 2623 ne
741 2563 904 2623 fenestrae
922 2572 1052 2622 nostrae

260 2679 287 2721 20
299 2660 500 2721 illuminatae
511 2660 626 2737 spiritu
638 2661 818 2737 sapientiae
830 2670 861 2720 et
872 2660 1096 2720 intellectu&

298 2759 331 2819 in
347 2758 529 2835 scripturis,
551 2770 744 2834 rumpantur
758 2758 849 2818 duris
860 2758 988 2833 verbis;
1003 2765 1086 2817 aul:

297 2859 364 2918 luto
388 2858 491 2917 malae
522 2856 721 2933 suspicionis
750 2857 979 2934 inquinentur:
1002 2865 1054 2914 aut

298 2954 531 3031 temporalibus
548 2954 637 3014 curis
656 2954 755 3014 nimis
777 2955 1003 3031 implicentur:
1025 2961 1060 3012 et

298 3053 345 3112 sic
377 3070 395 3111 a
425 3052 560 3127 superni
597 3052 731 3112 luminis
766 3052 910 3112 claritate
942 3051 1055 3111 distra-

261 3151 432 3213 2shantur:
464 3159 496 3209 et
527 3150 659 3210 caelesti
697 3150 920 3210 consolatione
957 3164 1054 3223 saepe

298 3248 476 3323 priventur.
520 3247 626 3309 Caute
657 3247 755 3324 igitur
783 3248 916 3307 omnino
949 3256 1054 3307 custo·

298 3345 435 3405 diendae
464 3357 541 3406 sunt
577 3346 740 3406 fenestrae
772 3347 888 3406 domus
922 3355 1054 3406 nostrae

298 3443 331 3502 in
354 3443 443 3503 omni
466 3445 538 3504 loco
561 3456 593 3505 et
615 3454 763 3520 tempore
786 3445 827 3503 ob
850 3443 1054 3519 fragilitatem

299 3543 460 3600 humanae
476 3542 577 3602 vitae:
600 3559 683 3619 quae
706 3542 746 3601 de
767 3540 852 3600 facili
876 3540 1056 3600 declinata

262 3638 483 3699 aodevotionis
515 3638 644 3700 fervore
673 3639 711 3699 ad
741 3649 888 3698 terrenas
918 3653 1054 3713 occupa-

299 3734 407 3796 tiones
438 3754 496 3811 pro
528 3737 730 3797 recreatione
766 3746 820 3795 aut
851 3736 912 3794 sub
945 3734 1054 3810 specie

655 3841 696 3869 uto
