2692 4659
360 698 521 751 (mm
541 694 609 739 vnn
625 695 789 737 troewrcrs
804 693 943 736 vraorurs
959 693 1116 746 tesam

362 832 448 909 quod
471 848 559 891 mors
582 829 687 906 ipsius
710 831 770 889 hac
784 828 913 888 visione
936 826 1116 903 praesigna-

362 938 467 989 retur:
480 928 619 988 finaliter
630 937 739 987 tamen
748 926 874 986 dicebat
883 925 969 1001 quod
982 934 1114 984 mortem

361 1025 470 1102 neptis
492 1043 571 1085 suae
589 1025 785 1085 Petronillae
801 1024 1001 1100 designabat.
1035 1024 1115 1101 Qua·

362 1133 495 1201 propter
515 1123 607 1199 virgo
637 1122 763 1184 Christi
793 1121 933 1182 sollicita
962 1122 1003 1181 de
1033 1120 1114 1181 obitu

339 1221 471 1297 sneptis
494 1238 583 1295 suae,
606 1221 736 1296 rogabat
759 1220 918 1279 instanter
942 1219 1113 1279 Dominum

363 1329 397 1380 ut
409 1320 518 1379 febres
533 1336 610 1377 suas
625 1317 669 1377 ita
680 1309 860 1393 ordinaret}
876 1326 910 1377 ut
922 1316 1114 1376 Petronillae

362 1426 436 1477 ante
459 1416 580 1476 exitum
605 1432 700 1475 suum
723 1433 782 1491 pro
802 1414 1028 1475 consolatione
1050 1414 1114 1474 eius

362 1514 451 1591 loqui
484 1523 611 1589 posset:
643 1531 739 1591 quam
776 1513 953 1589 plurimum
991 1512 1113 1572 sincero

362 1628 472 1671 amore
495 1610 657 1686 diligebat.
694 1609 801 1671 Cuius
829 1626 945 1685 preces
967 1618 1000 1669 et
1022 1607 1113 1686 gemi-

328 1719 416 1771 totus
452 1708 616 1768 Dominus
652 1708 832 1768 exaudiens
868 1725 905 1767 ac
942 1707 1112 1767 moriturae

363 1805 534 1865 misertus:
551 1804 720 1881 praevenit
735 1814 882 1881 tempora
905 1804 1046 1864 febrium
1069 1820 1113 1863 co·

362 1903 557 1964 tidianarum
574 1918 632 1979 per
642 1902 782 1977 spatium
800 1903 870 1962 fere
885 1919 944 1962 sex
956 1903 1114 1974 horarum,

363 2018 428 2060 non
444 2000 516 2060 sine
531 2000 745 2061 admiratione
767 2001 943 2061 multorum
966 2000 1115 2060 assisten-

363 2098 461 2174 tium;
496 2098 610 2175 sicque
646 2108 826 2175 temperato
857 2099 966 2158 calore
1004 2095 1115 2170 febrili,

330 2195 486 2272 rsrecepit
516 2196 701 2257 facultatem
734 2197 920 2273 alloquendi
950 2206 982 2256 et
1005 2211 1115 2256 conso·

363 2294 448 2353 landi
467 2294 694 2354 Petronillam:
710 2294 743 2354 in
759 2294 850 2354 brevi
873 2312 913 2354 ex
929 2294 1029 2354 huius
1051 2308 1114 2353 sae-

363 2391 426 2450 culi
451 2392 539 2450 luctu
562 2391 601 2450 ad
618 2392 788 2452 Christum
812 2392 1033 2469 migraturam.
1060 2390 1115 2450 hc-

363 2496 456 2562 cepta
476 2487 583 2564 itaque
600 2489 824 2550 consolatione
841 2489 951 2549 divina
966 2488 1115 2565 avirgine

364 2592 484 2659 sancta,
505 2584 597 2661 virgo
614 2586 792 2647 Petronilla
814 2587 847 2645 in
869 2586 1031 2662 angustiis
1052 2601 1115 2645 sae·

1148 1079 1157 1636 l

326 2709 353 2749 20
364 2681 437 2757 pius
452 2683 600 2758 probata3
622 2683 707 2743 sicut
724 2684 783 2744 fuit
798 2684 888 2744 socia
903 2682 1115 2744 tribulationis
1155 2727 1157 2732 .

364 2797 437 2839 cum
456 2780 556 2856 Lydia
577 2798 673 2856 passa
694 2781 726 2840 in
747 2781 828 2842 vita:
851 2781 941 2841 itaet
960 2783 1115 2858 particeps

364 2877 597 2937 consolationis
626 2880 746 2939 meruit
773 2897 847 2939 esse
870 2880 903 2939 in
926 2890 1032 2941 morte
1054 2897 1115 2939 sua

365 2977 464 3053 lgitur
486 2986 558 3051 post
581 2976 742 3037 visionem
766 2978 857 3054 prius
879 2988 1064 3053 ostensam,
1088 2984 1115 3035 et

364 3075 620 3134 consolationem
637 3094 655 3135 a
670 3077 839 3137 carissima
861 3087 1036 3138 matertera
1054 3092 1115 3152 gra·

327 3181 469 3251 25tanter
484 3181 633 3248 accepta3
655 3174 734 3236 obiit
750 3176 866 3235 devota
883 3175 975 3251 virgo
995 3171 1113 3237 Christi

365 3270 542 3330 Petronilla
583 3272 757 3364 caelestem
799 3274 904 3333 aulam
946 3273 1114 3333 intratura:

364 3394 448 3437 anno
471 3377 604 3437 Domini
625 3369 668 3438 ill
690 3379 1013 3457 quadringentesimo
1034 3377 1112 3437 vice·

364 3474 447 3533 simo
479 3485 589 3549 sexto,
620 3476 838 3537 decimonono
871 3477 1037 3536 Kalendas
1064 3473 1113 3533 Fe·

364 3570 495 3645 bruarii‚
518 3570 589 3646 ipso
606 3573 658 3633 die
673 3576 775 3635 sancti
794 3574 943 3635 Pontiani
961 3570 1111 3650 martyris.

715 3707 769 3761 88

722 3871 764 3912 396
