2692 4659
367 709 527 763 mg
545 709 614 751 tm
630 709 795 751 [lomois
810 708 951 751 uncinis
968 710 1136 764 m

368 857 493 908 torum.
523 857 556 903 et
583 845 734 919 exempla
759 845 941 903 bonomm:
972 862 1020 904 ne
1052 845 1138 905 iotte

368 941 509 1000 diversis
524 942 636 1000 mundi
652 941 918 1001 nibnlatiomltus
931 942 1062 1018 agitati,
1083 955 1137 1002 aut

369 1038 506 1115 flagellis
526 1040 694 1115 percussi,
722 1038 875 1098 deficiant
897 1056 918 1097 a
939 1056 1003 1115 spe
1026 1053 1061 1101 et
1083 1059 1137 1101 ex·
1161 1055 1163 1070 ²

368 1137 552 1211 pectatione
588 1136 772 1195 futurorum
811 1137 1023 1212 gaudiorum.
1081 1138 1137 1198 Ait

346 1251 509 1311 ÷namque
531 1246 665 1292 sanctus
682 1234 788 1293 Dauid
809 1234 862 1292 cui
886 1234 982 1293 Deus
1004 1238 1135 1295 occulta

368 1333 547 1408 sapientiae
556 1348 637 1390 suae
648 1331 822 1390 revelavit:
836 1333 925 1407 quod
937 1332 1134 1409 frequenter

368 1430 609 1489 consolationes
641 1430 703 1489 Dei
735 1430 823 1488 inter
851 1431 955 1489 multa
992 1432 1131 1490 adversa

368 1528 539 1604 acceperit.
587 1527 776 1586 Secundum
805 1526 1055 1588 multitudinem
1085 1529 1128 1587 in·

368 1627 437 1701 quit
452 1627 599 1684 dolorum
616 1642 765 1683 meorum
781 1624 815 1682 in
830 1625 930 1683 corde
946 1642 1041 1685 meo:
1056 1642 1127 1684 con·

334 1724 546 1783 tosolanones
580 1735 655 1781 tuae
691 1721 951 1781 laetificaverunt
985 1724 1122 1782 animam

368 1839 484 1881 meam.
505 1820 804 1895 Huiusscripturae
814 1819 1028 1892 sententiam,
1038 1821 1123 1880 Deus
1162 1877 1163 1884 ,

368 1920 529 1979 veraciter
549 1931 581 1977 et
603 1931 715 1993 aperte
736 1917 769 1975 in
794 1918 856 1975 hac
877 1934 972 1977 sacra
1002 1918 1123 1994 virgine
1160 1943 1163 1983 ς

368 2015 514 2092 implevit
536 2017 575 2074 ad
598 2015 755 2086 litteram3
778 2015 1008 2090 quamprimo
1029 2014 1122 2073 variis
1159 2025 1161 2031 '

367 2114 535 2173 doloribus
545 2110 858 2172 etamatitndinibus
873 2112 1121 2187 inebriansput·
1158 2140 1163 2181 c:

335 2213 469 2287 tsgavit:
498 2212 556 2271 sed
578 2210 785 2286 postmodum
808 2210 894 2268 inter
915 2212 1037 2271 multas
1057 2212 1121 2270 vul·
1157 2237 1163 2255 ·=

368 2327 483 2369 nerum
514 2311 623 2384 plagas
648 2324 721 2366 eam
743 2305 898 2378 visitans,
926 2309 1120 2385 multiplices
1157 2320 1163 2376 t

333 2702 502 2762 aoexordio
517 2699 741 2758 infirmitatum
760 2716 904 2770 suatum,
926 2698 1019 2774 virgo
1036 2698 1118 2756 Lide·
1155 2724 1159 2736 ·

369 2800 461 2875 wigis
476 2797 605 2856 divinae
616 2796 723 2854 adhuc
733 2795 926 2870 disciplinae
938 2795 1117 2871 impatiens:
1155 2822 1163 2879 ᾳ

369 2911 402 2957 et
429 2897 568 2955 necdum
592 2894 663 2953 Deo
692 2905 809 2969 sponte
831 2892 997 2967 subiecta,
1023 2907 1118 2968 aquo
1154 2921 1163 2966 t

369 3009 477 3053 tamen
499 2992 580 3050 nihil
604 2991 638 3050 lit
660 2992 694 3050 in
717 3005 803 3051 tetta
823 2991 897 3050 sine
915 3009 1031 3068 cansa3
1052 3005 1117 3050 cunt
1156 3004 1158 3008 ·

369 3094 495 3151 videret
505 3091 700 3149 consodales
711 3107 789 3149 suas
799 3106 836 3148 se
846 3089 1021 3150 visitantes
1031 3101 1116 3149 sanas
1156 3101 1157 3110 ¹

333 3201 400 3248 aset
412 3191 522 3259 laetaS,
533 3198 565 3245 et
576 3188 793 3263 semetipsam
803 3187 948 3263 graviter
958 3190 1115 3265 languere:
1153 3197 1163 3260 ¹.

369 3285 490 3363 optavit
512 3302 586 3344 cum
610 3287 730 3347 ceteris
752 3286 855 3361 magis
877 3286 1026 3363 corporis
1043 3284 1114 3344 salu·
1153 3293 1163 3357 Ἰ

369 3398 445 3456 tem,
466 3399 564 3458 quam
586 3386 714 3444 animae
737 3382 972 3443 beatitudinem
996 3400 1053 3460 per
1071 3394 1114 3456 pa·
1152 3391 1163 3432 ¹·

368 3479 502 3541 tientiae
517 3480 684 3541 virtutem.
719 3481 757 3540 Et
778 3480 855 3557 quia
876 3482 1018 3541 necdum
1033 3473 1111 3556 spiti-
1151 3493 1163 3549 i:

369 3574 468 3636 tualia
488 3574 646 3652 sapiebat,
666 3578 791 3654 etquid
807 3578 878 3636 Deo
895 3579 1000 3655 magis
1014 3589 1111 3648 acceo
1150 3600 1163 3644 t

332 3683 438 3737 autum
454 3681 524 3727 etat
538 3670 724 3752 ignorabat;
744 3676 865 3735 idcirco
879 3683 1109 3751 nonnumquam
1149 3698 1163 3732 τ

369 3767 606 3844 murmurabat,
620 3785 654 3833 et
667 3790 767 3850 super
780 3774 949 3834 doloribus
964 3774 1033 3835 suis
1045 3766 1110 3832 mul·
1152 3775 1163 3834 Ξ

732 3879 774 3921 ato
