2692 4659
260 702 560 759 &ww
593 707 643 749 V¹¹¹
676 708 998 762 mmmm

252 847 407 912 peccatum
431 856 496 899 non
519 841 689 917 habemus,
710 859 771 901 nos
790 842 881 918 ipsos
903 844 998 904 sedu-

248 935 361 997 cimus:
384 945 416 997 et
430 936 552 997 veritas
568 937 599 997 in
616 939 711 998 nobis
727 956 791 998 non
808 950 868 1000 est.
892 940 997 1001 Nemo

243 1050 318 1111 ergo
339 1051 376 1094 se
398 1045 535 1095 excuset
555 1036 648 1112 quasi
671 1037 833 1097 innocens
862 1038 905 1099 sit
926 1049 959 1099 et
980 1057 998 1098 a

241 1133 334 1209 culpa
354 1149 475 1209 purus:
504 1132 580 1210 quia
601 1134 635 1194 in
657 1135 770 1195 multis
799 1134 997 1197 offendimus

238 1248 365 1308 omnes,
386 1231 431 1291 ait
444 1230 560 1292 beatus
576 1232 713 1293 lacobus
728 1233 905 1309 apostolus.
933 1233 1020 1294 Auts

236 1330 326 1389 enim
349 1329 494 1390 scienter
518 1330 592 1407 quis
614 1340 744 1407 peccat,
771 1341 826 1392 aut
848 1331 997 1409 ignoran-

235 1438 302 1488 ter:
332 1438 387 1488 aut
409 1437 526 1504 sponte
548 1437 603 1487 aut
624 1428 743 1505 invite,
771 1439 826 1490 aut
848 1447 888 1490 ex
910 1430 998 1490 infir-

235 1524 366 1600 mitate,
397 1533 453 1585 aut
480 1542 636 1601 perversa
659 1527 843 1602 voluntate3
875 1537 929 1588 aut
957 1545 998 1587 ex

234 1622 355 1683 timore
377 1622 430 1683 vel
446 1639 486 1682 ex
501 1640 622 1698 amore,
643 1634 699 1684 aut
714 1638 753 1683 ex
770 1624 997 1701 desperatione

234 1721 288 1780 vel
312 1720 594 1797 praesumptione:
617 1732 671 1782 aut
686 1739 726 1782 ex
741 1722 840 1783 animi
856 1723 997 1799 levitate,
1009 1740 1033 1781 ro

235 1829 291 1879 aut
313 1836 353 1879 ex
376 1820 631 1894 consuetudine,
659 1830 715 1880 aut
743 1838 783 1879 ex
814 1820 997 1897 tepiditate;

236 1926 292 1976 aut
313 1934 354 1976 ex
376 1916 532 1977 societate
547 1927 680 1993 tractus
701 1928 756 1978 aut
775 1918 996 1995 singularitate

238 2014 360 2073 elatus:
382 2023 437 2074 aut
452 2014 619 2074 iracundia
634 2025 828 2092 commotus,
850 2027 904 2077 aut
922 2034 997 2076 con-

239 2111 441 2188 cupiscentia
476 2112 622 2173 allectus.
680 2113 754 2173 lstis
790 2114 997 2189 passionibus

239 2209 405 2287 variisque
434 2210 606 2271 desideriis
635 2221 799 2289 tamquam
825 2213 996 2273 contrariis
1007 2232 1032 2273 rs

241 2308 346 2368 ventis
383 2317 533 2369 movetur
567 2319 599 2369 et
633 2310 781 2369 turbatur
811 2327 909 2385 saepe
941 2328 997 2371 cor

243 2405 400 2466 hominis:
423 2416 455 2466 et
475 2415 607 2483 propter
622 2408 681 2466 has
696 2408 808 2467 mundi
825 2410 997 2485 procellas,

243 2502 407 2563 rarissime
428 2503 518 2564 venit
540 2506 638 2565 homo
660 2505 700 2564 ad
722 2516 850 2581 portum
866 2507 996 2582 quietis

244 2600 302 2661 Vix
317 2600 406 2661 enim
421 2611 472 2661 est
486 2602 557 2662 dies
572 2612 626 2663 aut
641 2620 717 2678 nox,
738 2604 818 2663 hora
839 2605 891 2663 vel
907 2621 997 2664 mora

245 2708 304 2758 tam
325 2698 437 2759 brevis
459 2709 490 2759 et
509 2701 609 2760 bona:
631 2700 711 2776 quin
727 2700 759 2761 in
775 2701 883 2778 aliquo
898 2704 1032 2762 hornoao

192 2863 195 2884 Ι
246 2808 326 2858 erret
347 2807 402 2857 aut
423 2805 578 2872 tepescat,
598 2808 654 2858 aut
668 2799 891 2875 neglegentias
911 2817 997 2859 com-

247 2894 353 2956 mittat.
397 2895 460 2955 Pro
482 2895 601 2971 quibus
629 2896 783 2956 omnibus
805 2897 877 2956 sine
899 2897 997 2957 inter·

193 2983 223 3046 l‘
247 2993 399 3054 missione
430 3010 524 3053 orare
555 3003 699 3070 oportet3
735 3004 770 3054 ut
800 2995 873 3071 pius
906 2995 997 3054 Deus

193 3141 195 3184 ὗ
247 3091 497 3152 misericorditer
531 3092 677 3168 ignoscat
713 3092 865 3152 omnibus
903 3093 996 3152 malis

247 3192 377 3252 nostris:
406 3207 490 3267 quae
511 3190 611 3250 verbo
642 3190 693 3250 vel
723 3190 807 3250 lacto
836 3199 890 3250 aut
912 3190 1032 3267 cogi-25

193 3241 197 3344 l
248 3289 360 3349 tatione
376 3287 585 3364 deliquimus.
618 3288 656 3348 Et
679 3288 754 3364 quia
775 3305 872 3348 nemo
895 3304 997 3363 purus

193 3361 196 3448 l
247 3387 393 3461 asorde3
424 3384 497 3445 ideo
526 3402 601 3445 cum
631 3386 813 3446 humilitate
836 3395 867 3444 et
889 3385 997 3444 cordis

193 3461 198 3564 Ι
248 3483 436 3544 contritione
457 3483 496 3543 ad
512 3482 733 3543 confessionis
748 3482 929 3542 remedium
946 3499 997 3541 ce·

193 3577 196 3620 l
247 3580 350 3642 leriter
372 3581 607 3640 recurrendum
630 3589 696 3641 est:
725 3590 758 3640 et
786 3596 859 3639 cum
882 3578 996 3638 maiori

193 3691 198 3786 δ
247 3678 388 3740 custodia
418 3678 458 3737 de
489 3687 599 3737 cetero
629 3680 668 3737 ab
700 3677 787 3737 omni
824 3677 1032 3742 occasionem

194 3789 195 3816 ³
246 3778 397 3837 malarum
446 3774 676 3851 cogitationum
724 3774 994 3850 praecavendum.

604 3880 632 3921 so
