2692 4659
293 690 454 743 &ffiffl
481 688 644 733 SERMONES
659 690 699 732 ab
716 689 864 733 NOVlCIOS
890 690 1054 743 [imm

294 833 349 883 aut
363 823 481 884 iniuria
497 824 546 884 eis
562 825 661 901 iacta3
677 834 839 901 quatenus
855 834 928 900 post
944 825 1053 884 levem

294 932 326 981 et
347 922 559 997 temporalem
585 922 826 982 tribulationem
856 922 889 981 in
912 923 1053 982 mundo:

294 1019 441 1095 recipere
463 1030 652 1080 mereantur
668 1019 976 1080 immarcescibilem
1001 1037 1053 1080 co·

295 1135 406 1178 ronam
430 1117 463 1178 in
486 1119 586 1179 caelo.
630 1118 749 1180 Omnis
774 1118 860 1178 enim
886 1118 1053 1179 tribulatio

271 1216 454 1292 spatienter
483 1215 619 1275 tolerata
650 1233 708 1291 pro
741 1215 893 1276 Christo:
930 1225 1052 1276 certam

294 1332 386 1390 spem
419 1313 511 1389 iacit,
546 1313 754 1373 aeternaliter
789 1313 945 1390 regnandi
977 1331 1051 1373 cum

295 1412 440 1475 Christo.
463 1414 557 1474 Hanc
568 1424 713 1474 sanctam
728 1423 760 1473 et
771 1414 913 1490 regalem
925 1422 1051 1473 vestem

294 1511 382 1571 dedit
398 1511 554 1573 Christus
576 1512 713 1573 dilectae
729 1529 870 1588 sponsae
893 1527 973 1571 suae
995 1528 1052 1571 no·

294 1608 350 1668 bili
373 1609 490 1686 virgini
514 1620 645 1670 sanctae
668 1608 786 1685 Agneti
810 1618 957 1685 tempore
979 1625 1052 1684 per-

261 1706 475 1766 rosecutionis
498 1706 751 1767 christianorum
781 1706 813 1766 in
836 1716 949 1766 sancta
971 1707 1052 1766 urbe

295 1804 456 1865 Romana:
493 1805 531 1865 ad
561 1805 715 1865 sectanda
743 1822 855 1864 sacrae
888 1804 1053 1880 passionis

294 1920 373 1963 suae
389 1903 541 1980 vestigia3
557 1905 596 1964 ad
612 1904 825 1981 perferendas
836 1902 1053 1984 contumelias

294 2010 326 2061 et
348 2002 454 2061 minas
476 2001 661 2077 impiorum,
683 2018 742 2077 pro
765 2000 827 2060 fide
850 2011 882 2060 et
904 1999 1053 2060 castitate

294 2115 368 2158 cum
392 2116 507 2176 magna
528 2099 726 2160 constantia:
756 2099 906 2175 exemplo
935 2100 1053 2159 multo·

260 2213 366 2255 rsrum
395 2205 575 2273 martyrum
607 2206 639 2256 et
669 2195 957 2256 innumerabilium
987 2196 1052 2256 vir·

293 2294 422 2370 ginum,
451 2312 509 2370 pro
537 2295 671 2364 nomine
701 2294 827 2356 Christi
857 2294 1053 2354 innocenter

294 2393 487 2453 occisorum.
510 2392 559 2451 De
570 2409 708 2468 quorum
721 2390 872 2451 laudabili
885 2391 1052 2467 triumpho

294 2501 326 2552 et
341 2491 498 2551 ineffabili
514 2490 632 2567 gloria:
652 2491 823 2552 Christum
840 2507 927 2550 nunc
944 2490 1053 2549 laudat

294 2599 326 2649 et
354 2589 525 2666 magnifice
555 2588 668 2647 iubilat
697 2587 730 2648 in
755 2598 821 2648 toto
851 2587 929 2647 orbe
952 2596 1053 2647 terra-

257 2702 365 2748 eorum
388 2696 500 2747 sancta
522 2697 625 2747 mater
647 2687 797 2747 ecclesia.
835 2685 924 2745 Felix
945 2684 1053 2744 anima

293 2802 376 2860 quae
399 2784 526 2844 fortiter
541 2793 641 2843 certat
657 2794 769 2844 contra
785 2782 943 2843 irruentia
958 2782 1053 2856 vitia;

293 2890 325 2941 et
347 2883 461 2942 crebro
484 2882 643 2958 suspirat,
670 2893 702 2942 et
724 2892 793 2942 orat
815 2881 900 2941 inter
922 2880 1052 2955 diversa

293 2979 438 3054 pericula
466 2988 498 3039 et
525 2978 729 3055 gravamina:
760 2989 795 3038 ut
823 2977 927 3055 possit
956 2977 1052 3037 citius

294 3075 422 3135 liberari
446 3076 485 3135 ab
507 3075 595 3135 omni
619 3092 774 3151 pressura
797 3086 828 3135 et
850 3074 995 3135 miseria.

181 3191 283 3233 oetam>
333 3173 552 3234 Tertiavestis
563 3172 842 3250 sanctaeAgnetis
854 3183 904 3234 est
915 3190 1048 3233 aureum

190 3255 268 3306 ΝΜΟ·
294 3270 425 3345 pallium
443 3288 501 3346 pro
516 3271 679 3331 velamine
695 3271 889 3347 virginitatis
906 3272 946 3331 de
962 3271 1050 3331 holo-

294 3369 411 3428 sericis
433 3369 571 3430 lactum:
601 3371 687 3446 quod
718 3380 819 3430 totum
846 3387 967 3445 corpus
989 3369 1050 3429 vir·

293 3467 378 3542 ginis
401 3467 636 3544 circumcingit,
658 3467 737 3544 tegit
759 3477 791 3527 et
812 3478 915 3527 ornat.
957 3468 995 3527 Et
1017 3476 1049 3526 ut

294 3564 497 3625 intuentibus
533 3566 652 3625 clarius
690 3565 811 3642 fulgeat
846 3574 878 3625 et
917 3566 1048 3641 placeat,

257 3661 405 3722 somultis
434 3662 580 3722 candidis
610 3662 810 3738 margaritis,
839 3663 951 3723 multis
980 3679 1048 3739 pre·

294 3758 387 3818 tiosis
411 3758 571 3834 lapidibus
593 3776 630 3818 ac
648 3759 898 3819 coruscantibus
913 3758 1048 3835 gemmis

652 3864 693 3904 244
