2692 4659
275 672 599 726 fflffifflffifflffl
630 671 686 713 XXX
714 674 790 724 ,52
820 674 849 713 .“
945 689 950 711 s

276 817 309 867 et
338 815 488 867 aeternas
512 804 652 865 evadere
675 822 813 882 poenas:
843 806 870 865 si
894 822 952 881 per
974 806 1035 866 Dei

275 904 412 981 gratiam
424 921 534 964 veram
545 903 672 980 agimus
683 904 924 980 paenitentiam.
947 904 1035 964 Non-

275 1003 355 1061 dum
379 1002 489 1061 clausa
510 1012 560 1061 est
581 1011 674 1077 porta
696 1002 796 1078 coeli3
818 1002 914 1061 ianua
933 1012 1035 1078 patet:

275 1098 333 1175 qui
363 1100 464 1174 parati
493 1108 569 1158 sunt
597 1098 728 1160 intrent.
772 1099 838 1176 Qui
867 1116 932 1159 non
959 1109 1035 1159 sunt

275 1196 378 1272 parati
411 1197 516 1256 adhuc
547 1196 666 1256 melius
698 1214 734 1256 se
765 1196 917 1257 studeant
945 1214 1059 1272 prae-s

275 1312 403 1371 parare,
425 1303 457 1355 et
479 1295 575 1356 vitam
593 1294 772 1371 perfectius
788 1295 979 1356 emendare:
1002 1306 1036 1355 ut

277 1392 415 1454 Christo
444 1392 598 1453 veniente
627 1403 659 1453 et
687 1403 824 1453 vocante
854 1393 941 1469 digni
971 1393 1036 1454 sint

276 1508 354 1550 cum
376 1490 471 1550 iustis
493 1492 651 1552 laetanter
672 1491 802 1551 intrare.
834 1490 864 1551 Ο
883 1491 989 1551 fidelis
1004 1501 1036 1551 et

275 1589 414 1650 humilis
433 1589 540 1649 anima
555 1589 728 1649 considera
743 1607 839 1665 quam
856 1607 971 1665 magna
986 1598 1036 1648 est

275 1686 505 1747 misericordia
526 1687 587 1747 Dei
618 1704 718 1763 super
745 1696 777 1747 te
804 1687 836 1746 in
860 1687 948 1746 omni
971 1687 1036 1747 vita
1049 1707 1073 1747 tn

275 1796 350 1860 tua3
372 1784 448 1861 quia
468 1802 535 1845 non
550 1785 657 1845 statim
675 1801 711 1845 se
727 1785 885 1845 vindicat:
908 1785 966 1844 sed
982 1785 1037 1844 diu

274 1891 427 1959 expectat
455 1891 487 1943 et
516 1883 555 1942 ad
583 1900 620 1942 se
647 1882 700 1958 pie
723 1892 863 1942 revocat.
907 1881 935 1942 Ο
960 1881 1037 1942 felix

274 1991 383 2042 mater
413 1980 553 2041 ecclesia
583 1997 661 2040 vere
691 1979 775 2056 apud
807 1990 838 2040 te
867 1990 918 2040 est
946 1980 1037 2040 Deus

275 2078 507 2153 absconditus3
529 2079 704 2138 thesaurus
726 2078 883 2153 inlinitus,
906 2077 1038 2153 copiosa

276 2176 474 2252 redemptio:
487 2187 518 2237 et
529 2177 619 2236 salus
629 2187 771 2237 aeterna.
789 2176 916 2237 Oculus
925 2177 1037 2236 huma·
1049 2194 1073 2234 15

275 2292 342 2334 nus
364 2291 430 2334 non
452 2274 532 2334 vidit
554 2292 616 2335 nec
638 2275 751 2336 videre
769 2284 891 2351 potest:
914 2292 974 2335 nec
991 2274 1037 2333 in-

276 2373 430 2433 tellectus
456 2372 575 2449 aliquis
597 2373 698 2449 capit,
727 2390 788 2433 nec
811 2373 891 2433 ratio
915 2372 1037 2449 fragilis

276 2479 444 2548 penetrat3
475 2472 615 2547 qualiter
645 2473 737 2532 Deus
769 2471 801 2531 in
833 2481 1036 2533 sacramento

274 2587 357 2630 vere
379 2578 467 2631 totus
489 2570 547 2631 sit:
569 2572 793 2645 manducatur,
815 2581 846 2630 et
866 2578 975 2630 tamen
990 2570 1037 2629 in·

275 2678 369 2744 teger
403 2685 535 2743 semper
565 2679 684 2729 manet.
731 2668 761 2729 O
794 2686 889 2745 quam
922 2684 1074 2745 magnam

275 2765 440 2826 mirabilia
468 2767 532 2843 agit
555 2768 646 2827 Deus
675 2767 707 2827 in
735 2777 956 2842 sacrament03
984 2765 1035 2826 cui

275 2864 360 2925 nihil
383 2864 587 2940 impossibile
610 2876 660 2926 est
682 2865 790 2925 facere
808 2866 1037 2941 quodcumque

274 2962 420 3023 voluerit
444 2962 477 3021 in
500 2964 590 3023 caelo
613 2971 645 3023 et
666 2963 701 3023 in
723 2974 824 3023 terra:
853 2980 911 3039 pro
933 2963 1036 3023 sancti

275 3060 424 3121 nominis
453 3059 503 3119 sui
531 3059 634 3136 gloria
661 3069 694 3120 et
718 3069 850 3120 aeterna
871 3060 1037 3120 memoria.

276 3157 1074 3235 Osalutarishostiaquaecaelipandisostium32s

275 3273 375 3335 quam
400 3256 560 3317 mirabilia
582 3256 734 3317 dicuntur
755 3258 796 3317 de
813 3268 855 3333 te,
877 3274 973 3334 quam
990 3256 1037 3316 in·

276 3354 423 3417 effabilia
450 3363 527 3415 sunt
555 3353 664 3413 omnia
692 3371 775 3430 quae
804 3355 904 3414 latent
933 3354 967 3414 in
989 3363 1037 3415 te:

277 3470 376 3531 quarn
406 3453 460 3529 pie
488 3461 520 3513 et
549 3454 709 3514 veraciter
735 3453 912 3515 creduntur
934 3453 973 3512 de
995 3461 1037 3527 te,

277 3562 310 3613 et
340 3551 550 3612 invisibiliter
577 3561 753 3628 operantur
781 3560 902 3628 perte.
946 3551 1037 3610 Haec

276 3650 376 3711 nobis
397 3659 624 3726 proponuntur
641 3650 780 3711 fideliter
795 3649 967 3724 credenda,
988 3663 1073 3709 re-ao

277 3759 434 3811 verenter
473 3749 685 3810 celebranda:
725 3749 948 3810 desideranter
985 3766 1037 3807 su-

638 3855 680 3896 ana
