2692 4659
260 690 567 744 &mmm
603 692 642 733 Vll
681 692 1005 744 Qfflmfflw

289 824 429 901 Tempus
451 825 490 884 ad
512 824 597 884 bene
612 825 812 900 operandum
829 826 937 886 datum
954 836 1004 886 est

250 941 311 983 non
333 924 372 983 ad
394 923 580 984 otiandum:
602 940 711 999 neque
728 923 767 982 ad
784 923 1003 1000 fabulandum,
1032 997 1036 1006 Ι

247 1039 352 1099 neque
375 1021 414 1080 ad
436 1021 621 1081 iocandum.
665 1021 800 1081 Nullum
824 1040 900 1099 ergo
922 1032 1002 1084 tem-

242 1138 303 1195 pus
326 1121 451 1196 absque
481 1120 589 1179 fructu
618 1120 693 1179 boni
724 1120 834 1196 operis
862 1122 1001 1181 transire

243 1217 455 1293 permittatis3
477 1217 553 1293 quia
574 1216 602 1276 si
625 1218 752 1277 habetis
770 1218 933 1278 licentiam
956 1221 1024 1279 lo-5

242 1314 382 1391 quendi:
410 1332 476 1375 non
506 1324 615 1374 tamen
642 1314 765 1391 aliquid
793 1316 907 1376 inutile
930 1334 1002 1391 pro-

242 1412 380 1471 ferendi.
410 1412 502 1472 Sicut
517 1412 604 1471 enim
621 1412 660 1472 de
676 1413 764 1472 omni
781 1413 880 1471 verbo
897 1413 1001 1473 otioso

241 1509 399 1568 reddituri
431 1509 512 1569 estis
543 1510 700 1570 rationem
733 1527 841 1570 coram
866 1512 936 1571 Deo
967 1512 1001 1571 in

240 1606 380 1666 iudicio:
413 1606 456 1665 ita
484 1606 580 1666 etiam
611 1607 651 1666 de
680 1608 769 1666 omni
799 1618 945 1685 tempore
970 1619 1002 1669 et

241 1714 410 1764 momento
439 1705 524 1763 male
553 1715 585 1764 et
614 1707 825 1782 neglegenter
847 1724 1000 1781 expenso.
1013 1723 1037 1764 io

242 1803 434 1864 Secundum
467 1802 598 1862 diversa
628 1814 736 1863 autem
769 1815 915 1879 tempora
950 1805 1001 1864 vel

241 1900 326 1960 festa
341 1917 401 1977 per
416 1898 502 1958 diem
519 1909 551 1959 et
566 1910 695 1959 noctem
712 1902 909 1962 assumenda
926 1912 1002 1962 sunt

241 1999 400 2059 exercitia
423 1998 625 2074 temporibus
647 2008 735 2073 apta:
767 2009 799 2058 et
821 1999 1002 2060 ferventius

241 2096 453 2156 accendenda
494 2096 659 2171 proposita
700 2097 794 2156 bona.
850 2096 1001 2157 Attamen

241 2204 375 2271 propter
396 2194 518 2252 bonum
538 2192 764 2252 oboedientiae
787 2203 818 2252 et
841 2193 1001 2254 fraternae
1013 2214 1037 2254 15

241 2292 386 2352 caritatis
409 2289 621 2366 obsequium,
650 2288 759 2347 omnia
781 2290 904 2364 privata
926 2302 1002 2352 sunt

241 2390 447 2466 abneganda:
471 2405 532 2448 nec
554 2387 686 2464 aliquod
709 2387 914 2448 devotionale
936 2389 1002 2448 sin·

240 2489 352 2564 gulare
386 2487 506 2547 lactum
543 2493 676 2544 sanctae
712 2483 938 2546 oboedientiae
970 2497 1002 2547 et

242 2584 408 2644 communi
452 2583 581 2643 utilitati
624 2582 886 2658 praeferendum.
948 2584 1001 2644 Sic

243 2682 400 2743 Christus
432 2680 563 2757 reliquit
594 2681 751 2756 templum
784 2691 816 2740 et
851 2683 1036 2742 doctoresao

243 2779 342 2855 legis3
364 2788 396 2839 et
418 2779 582 2839 oboedivit
605 2779 698 2838 matri
722 2788 753 2839 et
777 2780 893 2855 loseph
917 2781 1002 2841 sicut

243 2878 349 2936 bonus
372 2876 459 2936 lilius
478 2877 628 2937 subditus
643 2876 832 2952 parentibus
854 2878 939 2938 suis:
962 2878 1001 2937 ad

245 2975 430 3050 exemplum
463 2975 615 3033 omnibus
646 2974 819 3051 religiosis
871 2976 936 3053 Qui
968 2976 1001 3035 in

246 3074 306 3132 hoc
330 3074 414 3132 bene
437 3090 474 3132 se
489 3083 631 3148 exercet,
653 3084 685 3133 et
707 3073 825 3133 cotidie
848 3084 948 3134 certat
970 3084 1002 3133 et

246 3187 280 3229 se
302 3170 409 3245 ipsum
432 3170 565 3231 vincere
594 3172 733 3231 laborat:
762 3172 920 3231 altissime
949 3190 1037 3232 co-25

246 3268 411 3328 ronabitur
433 3269 509 3344 quia
531 3269 674 3345 legitime
694 3269 839 3329 certavit.
881 3268 1002 3330 Omnia

247 3367 330 3425 enim
353 3384 453 3441 opera
474 3368 558 3425 bona
580 3384 620 3425 ex
639 3366 780 3441 simplici
796 3367 1002 3427 oboedientia

246 3475 374 3539 propter
390 3465 497 3522 Deum
513 3463 606 3539 lacta,
622 3465 692 3523 Deo
711 3475 787 3524 sunt
801 3465 1000 3541 gratissima:

246 3571 274 3620 et
296 3562 437 3621 maxima
453 3562 717 3622 remuneratione
733 3562 838 3639 digna,
861 3563 893 3622 in
910 3564 1000 3622 caelo

246 3669 399 3734 perpetue
422 3659 615 3719 coronanda.
658 3658 839 3736 Abnegatio
859 3677 1036 3737 namqueao

245 3756 391 3833 propriae
413 3756 589 3816 voluntatis
611 3774 685 3817 cum
708 3774 786 3817 vera
815 3758 997 3817 humilitate

608 3863 636 3903 5³
