2692 4659
352 720 513 773 (mm
541 717 703 762 SERMONES
718 719 758 761 ΑΙ)
774 718 923 762 Novlclos
949 718 1116 771 &ww

352 852 519 929 spiritum3
535 869 632 912 carne
648 852 902 929 concupiscente
918 862 1031 912 contra
1046 852 1114 929 spi·

351 951 448 1011 ritum
480 967 520 1011 ex
551 967 657 1026 poena
685 950 827 1027 peccati:
859 959 891 1010 et
921 949 1038 1025 spiritu
1061 966 1113 1009 re-

351 1056 514 1124 pugnante
536 1064 595 1123 per
624 1047 782 1108 rationem
812 1056 924 1107 contra
949 1046 1112 1106 sensuali-

351 1155 459 1206 tatem.
503 1147 595 1206 Hanc
618 1145 831 1206 rebellionem
861 1143 987 1220 primus
1009 1146 1110 1203 homo

328 1243 384 1304 sin
407 1253 492 1303 statu
514 1242 723 1304 innocentiae
752 1259 817 1301 non
840 1251 1005 1303 senserat:
1034 1242 1113 1318 quia

351 1341 486 1417 spiritus
502 1341 573 1400 Deo
595 1341 764 1400 subiectus
786 1340 933 1416 corporis
950 1339 1040 1399 vires
1062 1357 1112 1399 ra·

351 1438 449 1498 tionis
473 1438 565 1498 freno
588 1439 698 1515 quiete
715 1439 855 1515 regebat.
889 1438 977 1498 Istud
1000 1446 1110 1498 autem

350 1536 471 1594 bellum
501 1535 692 1596 intestinum
732 1535 943 1596 durissimum
976 1545 1042 1596 est:
1079 1544 1111 1595 et

352 1633 620 1693 molestissimum
650 1633 804 1693 omnibus
832 1633 927 1693 nobis
950 1632 983 1692 in
1011 1648 1110 1692 carne

317 1731 551 1807 incorruptibili
589 1741 620 1791 et
656 1732 838 1808 peccatrice
873 1730 1038 1808 generatis
1079 1740 1112 1790 et

351 1828 445 1888 natis,
478 1828 565 1906 Quid
581 1846 725 1906 namque
748 1830 862 1889 durius
884 1839 916 1889 et
937 1827 1111 1888 molestius

352 1926 529 2003 unicuique
551 1944 664 2003 pacem
688 1926 905 2002 desideranti3
933 1942 1030 2002 quam
1059 1942 1112 1985 co-

351 2024 429 2084 tidie
450 2025 573 2084 bellare
596 2034 708 2085 contra
730 2042 767 2084 se
782 2024 901 2101 ipsum,
923 2023 982 2083 niti
998 2032 1112 2082 contra

351 2132 516 2198 naturam,
552 2122 750 2199 restringere
783 2122 946 2197 fomitem,
976 2119 1112 2180 vincere

317 2220 649 2296 rsconcupiscentiam
683 2221 771 2280 intus
801 2220 1030 2296 prurientem?
1081 2221 1110 2283 O

352 2334 447 2377 serve
459 2318 531 2393 Dei,
546 2335 565 2377 o
580 2318 676 2378 miles
689 2317 829 2379 Christi:
846 2318 919 2378 audi
936 2317 1110 2379 consilium

351 2416 472 2475 bonum
509 2425 541 2475 et
576 2415 655 2475 utile
691 2415 759 2474 tibi.
812 2414 951 2476 Custodi
985 2416 1113 2476 visum:

352 2514 467 2573 claude
499 2514 663 2588 auditum;
699 2530 765 2573 non
797 2522 909 2590 tangas
944 2514 1113 2575 illicitum:

353 2611 427 2687 fuge
459 2612 622 2671 nocivum.
676 2610 713 2669 Et
744 2609 772 2668 si
809 2611 912 2671 sentis
943 2612 1113 2672 aculeum:

315 2709 417 2770 aonoli
450 2710 606 2769 adhibere
636 2725 846 2769 consensum.
890 2709 944 2768 Nil
973 2719 1037 2769 tam
1070 2710 1114 2768 la-

352 2806 518 2867 boriosum
541 2807 625 2867 sicut
644 2808 684 2867 de
701 2824 786 2867 novo
801 2824 934 2883 semper
948 2807 1114 2883 incipere;

352 2905 393 2963 de
415 2922 510 2964 mane
533 2922 637 2982 usque
660 2905 699 2964 ad
716 2922 886 2981 vesperam
910 2914 1022 2965 contra
1044 2915 1114 2965 tres

352 3012 475 3061 turmas
497 3012 600 3061 stare:
623 3002 805 3062 orationum
822 3003 927 3063 iacula
949 3003 982 3062 in
998 3004 1114 3064 hostes

353 3098 498 3174 mittere;
527 3099 614 3159 tubis
635 3099 739 3159 sacris
768 3116 903 3174 canere,
932 3100 1030 3159 corde
1058 3117 1115 3176 ge·

316 3212 453 3269 asmere,
476 3197 611 3256 vocibus
641 3197 824 3257 clamitare:
854 3207 885 3257 et
914 3198 954 3257 de
976 3197 1115 3258 victoria

352 3293 508 3369 triumphi
532 3294 723 3370 Frequenter
738 3295 894 3355 dubitare.
930 3295 1025 3355 Vnde
1047 3295 1114 3355 nisi

355 3391 516 3450 Dominus
538 3392 640 3451 aderit
656 3392 768 3452 nobis:
792 3409 996 3469 nequaquam
1013 3391 1115 3452 tantis

353 3489 509 3565 periculis
545 3490 662 3565 poterit
695 3489 851 3566 fragilitas
886 3499 997 3548 nostra
1032 3489 1116 3549 resi·

354 3597 451 3647 stere.
481 3587 591 3647 Grave
610 3586 744 3645 omnino
766 3604 850 3646 onus
873 3597 903 3647 et
925 3587 1115 3647 intricatum

317 3686 486 3756 nobellum,
515 3700 645 3743 carnem
669 3685 798 3758 fovere,
827 3686 955 3744 hostem
979 3684 1118 3759 nutrire,

354 3782 485 3855 vestire,
508 3780 698 3854 calefacere,
721 3782 839 3856 lavare,
863 3790 1002 3857 tergere,
1023 3782 1117 3842 blan·

716 3886 754 3926 roa
