2692 4659
277 682 1037 738 ensemseameasnsrosorozuosomso

274 815 316 875 ad
340 816 570 877 celebrandum
588 816 651 878 iter
665 816 840 893 arriperet:
863 834 904 877 ne
920 817 953 877 in
969 834 1037 877 cra·

274 914 363 974 stina
396 914 448 974 die
479 913 565 975 circa
596 915 696 975 funus
728 924 897 991 paternum
930 915 1038 992 aliqua

276 1011 485 1088 neglegentia
504 1011 717 1089 contingeret.
751 1012 828 1072 Post
843 1015 923 1073 haec
939 1014 1038 1073 verba

275 1126 367 1168 mors
379 1110 523 1185 patrisin
535 1111 680 1186 profesto
692 1112 1037 1188 conceptionisbeatae

277 1208 417 1284 virginis
426 1209 601 1269 subsecuta
609 1219 672 1270 est:
685 1211 866 1270 secundum
876 1209 1061 1269 visionems

277 1315 311 1366 et
334 1307 537 1382 prophetiam
558 1307 650 1383 prius
673 1308 859 1368 revelatam.

323 1404 400 1465 Post
423 1404 517 1465 cuius
535 1417 672 1465 mortem
689 1423 763 1466 cum
778 1406 870 1482 virgo
885 1414 1038 1481 paternae

277 1502 485 1578 praesentiae
508 1504 628 1564 solacio
651 1504 821 1580 temporali
837 1503 976 1578 viduata,
998 1502 1038 1563 de

277 1601 385 1661 salute
400 1601 501 1676 patris
518 1602 634 1662 luisset
650 1602 790 1662 sollicita
805 1611 837 1661 et
847 1601 1038 1676 certificata3

277 1699 428 1774 perversi
448 1699 626 1760 daemones
641 1701 787 1759 omnium
803 1700 962 1759 bonorum
978 1699 1038 1759 ini·
1050 1716 1075 1757 ro

278 1796 368 1871 mici,
383 1797 578 1873 quandoque
593 1814 664 1857 eam
681 1797 714 1856 in
730 1806 854 1857 tantum
870 1796 1038 1857 contrista-

277 1904 414 1955 verunt:
436 1905 624 1955 asserentes
646 1895 732 1971 quod
755 1906 879 1970 patrem
902 1894 974 1954 eius
989 1912 1039 1954 se·

278 2010 355 2052 cum
374 1993 406 2052 in
421 2001 506 2053 statu
522 1992 740 2053 damnationis
754 1993 922 2053 haberent.
952 1992 1039 2069 Qua·

279 2101 415 2167 propter
435 2091 506 2167 ipsa
528 2090 807 2151 inconsolabiliter
822 2092 901 2152 llere
917 2090 1040 2166 coepit:

280 2189 377 2266 quasi
401 2206 515 2249 verum
540 2189 656 2249 luisset
678 2189 763 2266 quod
786 2206 804 2248 a
826 2187 1039 2248 daemonibus
1052 2208 1075 2247 15

280 2286 438 2347 audierat.
461 2288 555 2348 Vnde
571 2298 603 2349 et
616 2288 834 2348 adomesticis
845 2287 1041 2362 interrogata

280 2403 342 2445 cur
373 2385 406 2444 in
437 2396 561 2446 tantum
591 2385 831 2445 lacrimaretur:
863 2383 1040 2461 respondit.

282 2483 351 2558 Ego
373 2482 442 2542 scio
460 2484 546 2559 quod
562 2501 636 2543 cum
652 2494 742 2560 patre
758 2500 832 2543 meo
847 2482 941 2542 valde
956 2482 1040 2541 bene

280 2579 398 2656 agitur,
420 2589 451 2641 et
472 2592 581 2641 tamen
604 2582 781 2641 daemones
804 2580 932 2654 dicunt,
954 2580 1039 2655 quod

279 2678 324 2738 sit
353 2678 534 2740 damnatus.
576 2680 725 2757 Quadam
752 2680 850 2756 igitur
871 2679 943 2738 vice
965 2695 1076 2737 cuman

279 2775 320 2835 ab
332 2776 447 2852 angelo
459 2785 571 2837 sancto
582 2778 621 2837 ad
632 2776 916 2853 amoenaparadisi
925 2775 1040 2852 gaudia

279 2873 472 2935 duceretur:
488 2875 664 2936 daemones
681 2877 741 2937 iter
757 2876 828 2936 eius
841 2874 1040 2946 obsidentes

280 2972 445 3048 quendam
482 2973 673 3033 daemonem
710 2972 971 3048 transfiguratum
1006 2972 1039 3030 in

279 3069 497 3130 similitudine
518 3071 618 3146 patris
633 3070 706 3130 eius
722 3070 897 3130 illudentes
912 3079 944 3129 et
959 3067 1040 3127 ailli-

278 3175 396 3242 gentes
422 3167 636 3228 ostendebant
658 3168 687 3227 ei
711 3167 868 3227 dicentes,
911 3166 968 3225 Eia
990 3165 1040 3224 eia
1049 3185 1076 3225 25

278 3280 359 3323 ecce
389 3264 548 3323 habemus
577 3275 700 3340 patrem
728 3275 830 3325 tuum.
872 3263 963 3324 Tunc
986 3263 1040 3322 illa

279 3378 486 3437 cognoscens
509 3361 628 3422 factum
649 3363 856 3437 diabolicum,
878 3379 953 3422 esse
969 3361 1039 3421 illu-

277 3458 409 3517 sionem
425 3475 540 3518 vanam
556 3476 622 3519 non
636 3460 821 3521 veritatem:
837 3460 963 3520 dicebat
974 3475 1038 3517 non

278 3559 369 3617 hunc
392 3556 463 3616 iore
486 3565 609 3632 patrem
632 3575 739 3617 suum.
772 3558 952 3633 Statimque
974 3556 1039 3616 illis

277 3666 314 3715 ut
345 3655 456 3714 fumus
486 3655 775 3715 evanescentibus:
804 3655 895 3732 virgo
924 3656 1075 3731 angeloao

277 3754 364 3813 duce
386 3752 449 3813 iter
470 3769 566 3811 suum
590 3753 672 3813 laeta
694 3752 891 3829 perficiebat.

639 3859 681 3899 aro
