2692 4659
237 668 561 721 cummanum>
595 667 643 710 xx1
677 666 997 719 mxueoaaoaoro

238 801 364 862 lideles.
408 801 555 878 Contigit
585 818 661 877 ergo
693 800 859 875 paululum
892 816 949 859 eos
979 816 997 858 a

237 908 328 960 recto
351 900 469 960 itinere
484 900 625 959 deviare.
655 898 744 959 Dixit
763 899 871 974 itaque
887 897 998 957 senior

237 998 370 1059 iuniori.
413 998 524 1056 Frater
545 996 674 1056 videtur
702 995 781 1055 mihi
804 994 890 1072 quod
912 1011 998 1054 erra-

238 1115 331 1158 mus:
368 1105 570 1156 revertamur
604 1095 722 1155 iterum
760 1094 800 1154 ad
835 1093 996 1169 publicam

238 1196 336 1256 viam.
381 1195 597 1254 Revertentes
625 1210 702 1270 ergo
727 1193 766 1252 ad
789 1192 930 1268 priorem
954 1192 1020 1251 lo-5

239 1311 326 1368 cum,
349 1293 457 1368 coepit
478 1292 590 1352 senior
611 1308 705 1351 orare
733 1300 766 1351 et
787 1290 912 1350 beatam
935 1289 998 1348 vir-

237 1392 349 1468 ginem
373 1391 542 1451 invocare:
565 1400 599 1450 ut
613 1389 756 1450 mitteret
778 1388 827 1449 eis
849 1387 928 1448 recti
949 1388 998 1446 iti·

239 1490 330 1549 neris
354 1489 488 1564 ducem,
518 1497 550 1548 et
571 1488 675 1548 bonae
704 1486 870 1547 societatis
898 1485 998 1545 viato-

239 1606 320 1648 rem.
358 1587 511 1663 Cumque
534 1587 597 1646 iam
619 1587 727 1663 aliqua
748 1584 902 1661 suffragia
924 1602 998 1643 cum

240 1685 376 1763 hymnis
398 1696 430 1745 et
452 1686 599 1745 collectis
621 1686 661 1745 de
692 1685 785 1744 beata
807 1682 932 1759 virgine
954 1682 1034 1741 le-ro

238 1786 360 1862 gisset:
391 1800 468 1843 ecce
497 1784 639 1843 occurrit
660 1783 709 1844 eis
732 1782 782 1842 vir
812 1780 942 1857 quidam
965 1780 998 1839 in

239 1882 354 1958 specie
383 1881 563 1957 peregrini,
591 1881 742 1940 baculum
770 1890 801 1940 et
823 1879 998 1938 saccellum

239 1980 274 2040 in
296 1980 396 2039 dorso
419 1996 477 2055 pro
500 1979 616 2039 viatico
639 1996 752 2039 secum
776 1978 896 2038 ferens.
933 1976 998 2053 Qui

239 2077 390 2137 salutatis
414 2076 584 2137 fratribus:
607 2076 687 2136 dixit
709 2093 745 2136 se
761 2075 845 2135 velle
865 2075 999 2136 tendere

240 2193 375 2235 sursum
398 2192 456 2251 pro
473 2174 685 2252 indulgentiis
700 2174 739 2234 ad
755 2184 902 2234 sanctum
920 2172 1035 2249 Qui-15

241 2273 363 2347 rinum‚
385 2281 417 2331 et
438 2272 578 2332 libenter
593 2289 667 2332 cum
691 2271 739 2331 eis
755 2271 911 2331 comitari.
943 2270 999 2330 Se-

241 2370 428 2447 quebantur
458 2386 534 2446 ergo
566 2370 723 2429 velociter
758 2368 837 2428 recti
873 2368 1000 2428 itineris

240 2469 361 2528 ducem
384 2484 442 2543 per
470 2468 585 2544 longae
610 2467 681 2527 viae
711 2467 867 2543 spatium:
896 2467 999 2526 donec

240 2566 395 2626 venirent
417 2564 456 2624 ad
478 2575 629 2641 optatum,
645 2564 776 2641 hospitii
809 2564 859 2623 sui
882 2564 999 2623 locum.

239 2663 266 2723 T
268 2679 334 2723 unc
356 2662 469 2722 senior
491 2679 694 2739 cognoscens
716 2662 862 2722 divinum
885 2662 934 2721 eis
956 2661 1035 2721 ati-eo

242 2760 348 2820 fuisse
377 2759 551 2835 auxilium,
581 2759 756 2836 ampliores
786 2760 904 2836 gratias
930 2759 999 2817 Deo

241 2869 273 2919 et
295 2860 411 2919 beatae
432 2858 550 2935 virgini
573 2858 696 2918 studuit
718 2858 842 2917 reterre
864 2874 921 2933 pro
944 2856 1000 2916 du·

241 2964 316 3016 catu
352 2955 458 3015 bonae
489 2956 577 3015 viae:
613 2972 740 3014 memor
771 2954 860 3014 verbi
897 2954 999 3013 sancti

243 3053 332 3114 Petri
355 3052 493 3129 apostoli
518 3052 666 3113 dicentis.
709 3051 851 3112 Omnem
881 3050 1000 3110 sollici-

241 3152 390 3212 tudinem
427 3159 568 3210 vestram
605 3150 803 3226 proicientes
839 3149 872 3207 in
908 3165 1036 3211 eumzzs

241 3249 398 3326 quoniam
420 3248 482 3324 ipsi
505 3266 582 3308 cura
604 3257 654 3308 est
675 3248 716 3307 de
738 3247 840 3307 vobis.

566 3423 684 3472 ALIVD.

244 3496 457 3711 &Ram
477 3542 608 3619 quidam
631 3542 664 3601 in
687 3541 894 3601 tribulatione
914 3540 999 3616 posi·

376 3653 446 3703 tus:
463 3640 574 3700 habuit
590 3657 685 3700 usum
702 3639 873 3699 invocandi
891 3639 999 3698 lesum

240 3751 273 3801 et
300 3740 484 3817 piissimam
514 3748 648 3798 matrem
677 3737 749 3797 eius
772 3736 918 3796 Mariam.
963 3735 1036 3794 Etao

271 3842 566 3897 ThomaeoK.Opera.Vl.
601 3843 642 3885 209
867 3842 892 3881 14
