2692 4659
360 682 521 735 &ww
548 680 711 724 SERMONES
726 681 766 723 AD
783 680 932 724 NOVIClOS
957 682 1122 735 mg&

362 816 416 876 ubi
439 816 590 877 noverint
612 832 733 877 nomen
755 816 879 875 clarere
901 824 1035 875 sanctae
1051 816 1121 875 Ma·

362 914 439 973 riae.
480 912 659 991 Tamquam
677 913 857 974 tonitruum
879 914 919 974 de
941 915 1034 974 caelo
1057 914 1120 973 fac·

361 1022 429 1073 tum
459 1012 518 1088 sit,
546 1023 798 1090 prosternuntur
826 1014 865 1073 ad
894 1021 1027 1072 sanctae
1051 1012 1119 1072 lila-

362 1110 429 1170 riae
464 1112 676 1187 vocabulum3
712 1121 744 1172 et
779 1129 843 1189 quo
875 1111 1008 1187 saepius
1040 1110 1117 1169 illud

339 1209 535 1285 sprofertur‚
553 1227 589 1269 ac
605 1209 855 1270 desiderabilius
870 1209 1057 1269 invocatur:
1080 1223 1117 1267 eo

363 1307 459 1367 citius
480 1317 512 1367 et
534 1307 662 1384 longius
685 1307 746 1384 ipsi
771 1308 931 1385 fugantur.

404 1406 545 1464 Rursum
576 1405 686 1481 angeli
714 1406 816 1467 sancti
848 1416 881 1466 et
909 1403 1044 1480 spiritus
1072 1403 1117 1462 iu·

362 1513 486 1563 storum
503 1504 671 1578 laetantur,
687 1513 719 1564 et
734 1505 938 1580 congaudent
953 1500 1116 1563 devotioni

363 1600 524 1661 lidelium:
546 1619 585 1662 eo
608 1602 694 1678 quod
716 1611 780 1662 tam
797 1602 936 1662 libenter
957 1611 989 1661 et
1005 1599 1117 1660 sedule

328 1716 352 1758 ro
363 1698 570 1775 frequentant
598 1700 789 1760 memoriam
818 1710 950 1761 sanctae
976 1698 1117 1772 Mariae3

362 1798 457 1857 cuius
472 1798 663 1859 honorabile
678 1815 798 1858 nomen
815 1797 848 1856 in
864 1795 1017 1857 omnibus
1033 1803 1117 1871 patet

363 1895 482 1956 linibus
514 1895 744 1956 ecclesiarum:
775 1912 858 1972 quae
890 1894 962 1955 eius
993 1892 1115 1954 nomini

362 1992 548 2067 specialiter
568 2001 645 2052 sunt
666 1992 841 2052 dedicatae.
879 1992 917 2052 Et
938 2008 1116 2069 congruum

362 2107 398 2149 ac
422 2090 553 2166 dignum
577 2100 636 2165 est,
658 2107 735 2166 prae
764 2090 890 2149 cunctis
912 2089 1035 2149 sanctis
1058 2088 1116 2149 Dei

330 2187 515 2249 isbonorari
532 2197 667 2247 matrem
685 2204 703 2246 a
718 2186 907 2263 terrigenis:
928 2204 1026 2262 quam
1050 2186 1117 2246 uni·

363 2285 502 2345 versitas
537 2286 725 2361 angelorum
759 2294 935 2344 veneratur
969 2285 1118 2345 laudibus

363 2383 513 2443 excelsis
547 2383 671 2443 Mariae
694 2383 802 2460 itaque
825 2400 945 2443 nomen
967 2382 1118 2444 omnibus

364 2479 514 2540 fidelibus
550 2480 791 2555 venerandum,
826 2479 953 2540 devotis
989 2496 1120 2556 semper

363 2578 547 2653 amandum,
571 2577 734 2653 religiosis
756 2578 1029 2653 amplectendum,
1051 2595 1119 2638 sae·

327 2676 528 2738 rocularibus
554 2676 866 2751 commendandum,
895 2676 1119 2752 peccatoribus

363 2773 631 2849 praedicandum:
651 2773 812 2833 tribulatis
827 2774 1071 2849 insinuandum,
1086 2774 1118 2832 in

363 2872 518 2948 periculis
540 2871 693 2932 omnibus
716 2871 944 2932 invocandum.
976 2872 1051 2946 Ipsa
1073 2879 1121 2930 est

364 2968 641 3045 propinquissima
657 2969 728 3028 Deo
745 2978 776 3028 et
791 2969 960 3029 carissima
976 2969 1038 3029 Dei
1055 2968 1119 3028 lilio

363 3076 438 3126 nato
461 3083 521 3126 suo
545 3067 619 3126 lesu
644 3067 833 3143 benedict03
855 3077 972 3143 potens
990 3066 1120 3126 fiducia·

327 3164 438 3224 esliter
452 3164 656 3225 intercedere
672 3182 731 3241 pro
748 3164 910 3225 flebilibus
921 3164 1012 3224 Adae
1029 3162 1119 3223 liliis:

364 3271 398 3321 ut
420 3262 566 3339 ignoscat
588 3279 701 3323 eorum
725 3263 869 3339 delictis,
899 3272 931 3322 et
952 3271 1121 3323 succurrat

364 3359 529 3435 periculis.
588 3360 670 3419 Nam
707 3377 780 3420 cum
818 3361 1043 3436 opportunitas
1085 3375 1121 3420 se

364 3458 560 3533 praebuerit,
582 3474 647 3517 non
667 3458 770 3518 tardat
792 3457 825 3517 in
840 3458 974 3518 auribus
997 3458 1054 3518 lilii
1071 3457 1120 3518 sui

364 3557 501 3615 verbum
530 3556 652 3616 bonum
684 3555 850 3631 proloqui:
880 3565 911 3615 et
937 3555 1122 3617 misericor·

327 3653 449 3714 aodiam
473 3653 647 3728 impetrare
663 3653 893 3728 indigentibus.
926 3653 1125 3715 Exaudietur

364 3760 472 3811 autem
495 3751 739 3827 promptissime
762 3751 795 3810 in
817 3750 905 3811 omni
933 3768 1032 3811 causa
1060 3751 1120 3812 sibi

723 3853 764 3896 222
