2692 4659
359 694 520 747 mm
548 695 710 737 SERMONES
725 696 766 737 ΑΙ)
782 695 930 738 NOVICIOS
956 696 1120 747 [fflfflw

361 828 400 887 de
427 828 623 889 necessitate
653 829 802 889 iecerunt
823 830 986 889 virtutem.
1030 830 1118 892 Cum

361 926 512 986 curiosus
534 928 647 987 oculos
669 945 748 988 suos
771 927 900 1003 claudit,
931 945 972 987 ne
995 927 1119 987 saeculi

360 1024 519 1083 vanitates
541 1024 692 1100 aspiciat3
721 1036 797 1086 tunc
826 1026 1011 1086 mercedem
1043 1043 1118 1085 cum

360 1121 482 1181 sanctis
504 1121 655 1198 recipiet:
678 1140 817 1200 quorum
837 1123 922 1183 oculi
947 1123 1079 1182 fuerunt
1102 1139 1120 1180 a

338 1218 507 1295 styrannis
536 1220 709 1280 excaecati.
760 1220 846 1282 Cum
878 1220 970 1297 piger
1000 1219 1120 1295 aliquis

361 1316 507 1375 laborare
529 1317 671 1393 cogitur:
700 1327 778 1377 tunc
801 1318 951 1377 manibus
976 1328 1007 1378 et
1029 1317 1120 1393 pedi·

360 1413 422 1473 bus
453 1414 492 1473 ad
523 1414 630 1474 locum
663 1415 809 1491 martyrii
841 1415 995 1490 trahitur3
1027 1425 1058 1475 et
1090 1415 1119 1475 si

361 1609 513 1669 miabitur
534 1626 608 1668 cum
631 1612 830 1687 martyribus
845 1629 983 1687 quorum
1000 1629 1118 1671 manus

326 1708 501 1768 invinculis
524 1709 616 1768 iuere
631 1708 757 1785 ligatae,
780 1720 811 1769 et
831 1710 931 1785 pedes
953 1709 986 1768 in
1002 1710 1118 1769 eculeo

361 1806 524 1881 suspensi.
576 1806 730 1882 Cogitare
766 1824 843 1883 ergo
881 1808 976 1866 debet
1010 1807 1119 1867 bonus

361 1903 540 1963 oboediens
576 1903 675 1963 frater
710 1903 786 1980 quia
817 1905 938 1981 proprii
971 1905 1119 1981 corporis

361 2018 426 2060 non
449 2002 545 2061 habet
567 2011 759 2077 potestatem
782 2002 840 2061 sed
863 2003 1042 2078 praelatus3
1065 2002 1118 2061 cui

361 2111 493 2175 propter
521 2101 627 2159 Deum
660 2118 697 2159 se
726 2100 903 2176 resignavit
934 2100 1051 2159 libere:
1084 2110 1120 2160 ut

328 2218 352 2257 is
362 2207 413 2257 eat
441 2207 473 2258 et
502 2197 597 2258 iaciat
625 2198 712 2274 quod
734 2197 789 2256 ille
812 2197 945 2256 iusserit
970 2214 1027 2273 pro
1050 2198 1118 2257 ani·

362 2312 433 2355 mae
456 2313 535 2356 suae
550 2297 664 2356 salute.
695 2295 749 2356 Sic
765 2296 851 2355 enim
869 2295 1026 2370 optinebit
1042 2312 1116 2355 cum

362 2394 558 2470 martyribus
581 2394 756 2469 patientiae
781 2394 936 2470 palmam:
959 2403 991 2452 et
1015 2404 1118 2454 aeter-

361 2507 422 2550 nae
444 2490 529 2550 vitae
556 2508 719 2551 coronam.
765 2491 953 2550 Praestante
976 2491 1119 2550 Domino

362 2598 473 2649 nostro
497 2589 570 2648 lesu
594 2588 729 2650 Christo
752 2599 906 2663 regnante
928 2588 961 2647 in
988 2590 1121 2648 saecula

325 2688 577 2746 zosaeculorum.
620 2686 736 2747 Amen.

372 2891 429 2950 DE
452 2889 683 2951 SAPIENTIA
706 2890 1035 2952 CONFESSORVM
1061 2891 1113 2950 ET

401 2987 707 3050 CONTINENTIA
732 2987 1080 3049 RELIGIOSORVM.

634 3137 775 3201 [senno]
794 3138 849 3187 xn.

363 3216 499 3433 Q
521 3275 598 3333 iusti
619 3275 828 3334 meditabitur
845 3275 1060 3349 sapientiam:
1089 3281 1122 3335 et

326 3391 353 3430 25
366 3391 392 3431 s,
504 3373 616 3447 lingua
631 3372 701 3431 eius
712 3373 862 3447 loquetur
874 3372 1039 3433 iudicium.
1064 3372 1119 3431 Di·

363 3468 437 3528 lecti
462 3470 577 3529 iratres
598 3470 660 3529 ista
676 3471 782 3530 solent
798 3471 917 3530 cantari
941 3482 973 3531 et
993 3471 1055 3548 legi
1079 3472 1118 3530 de

363 3567 610 3627 confessoribus
635 3576 667 3627 et
690 3568 894 3643 doctoribus3
922 3586 1006 3645 quos
1028 3586 1119 3644 prae·

363 3664 457 3740 cipua
479 3664 652 3725 devotione
681 3666 842 3725 honorare
872 3667 1047 3741 debemus,
1075 3676 1120 3725 at-

363 3779 426 3837 que
449 3761 603 3838 suffragia
624 3780 737 3822 eorum
760 3763 985 3823 desideranter
1006 3763 1119 3839 implo-

727 3868 754 3907 82
