2692 4659
362 680 523 734 mm
552 677 714 721 SERMONES
729 678 769 719 AD
785 676 934 720 NOVICIOS
960 676 1124 729 mmm

364 830 518 874 reversus
544 822 577 873 et
598 821 810 889 experrectus
832 810 997 871 uberrime
1021 810 1122 870 flevit.

363 911 491 971 Deinde
513 911 552 970 ad
574 911 717 987 priorem
748 910 941 970 festinanter
964 909 1122 969 accessit:

363 1018 394 1069 et
416 1025 454 1068 ea
475 1024 559 1085 quae
581 1008 706 1068 viderat
728 1017 760 1068 et
779 1006 935 1082 audierat,
956 1023 1015 1081 per
1036 1006 1123 1066 ordi·

363 1122 437 1166 nem
470 1123 543 1166 cum
575 1105 698 1183 gemitu
730 1115 762 1165 et
792 1105 870 1165 iletu
895 1104 924 1164 ei
948 1104 1121 1164 rescrebat.

339 1203 412 1263 snd
444 1220 541 1280 quern
571 1203 661 1279 prior
688 1211 853 1279 tamquam
882 1211 993 1278 pastor
1013 1202 1122 1261 bonus

362 1318 457 1361 ovem
469 1301 594 1362 tristem
612 1300 811 1361 consolando
827 1299 1004 1376 respondit.
1028 1300 1122 1360 Bene

362 1399 467 1475 piacet
495 1402 557 1460 hoc
586 1398 666 1459 mihi
697 1416 771 1459 care
797 1398 944 1475 Egberte.
987 1398 1122 1458 Manea-

362 1497 404 1557 tis
425 1496 614 1557 nobiscum:
636 1496 722 1556 sicut
743 1495 874 1556 domina
896 1503 1006 1555 nostra
1025 1495 1122 1554 vobis

362 1595 458 1655 modo
480 1595 622 1655 ostendit
644 1604 676 1655 et
698 1593 786 1654 dixit.
830 1593 900 1653 Nec
929 1592 984 1652 diu
1007 1602 1122 1668 postea

329 1691 559 1768 rosupervixit3
581 1692 639 1751 sed
662 1708 720 1767 pro
742 1690 834 1751 brevi
858 1691 967 1750 labore
987 1698 1122 1749 aeterna

361 1790 505 1866 praemia
526 1800 730 1865 accepturus
753 1806 826 1849 cum
843 1788 944 1849 multa
965 1788 1122 1864 patientia

361 1888 394 1947 in
417 1888 624 1948 oboedientia
639 1904 872 1964 perseverans:
894 1889 979 1947 bono
998 1886 1063 1946 fine
1086 1886 1121 1945 in

362 1996 474 2047 octava
496 1987 599 2046 sancti
624 1986 779 2046 Iohannis
802 1986 938 2061 apostoli
968 1994 1000 2045 et
1021 2001 1122 2044 evan-

361 2084 496 2160 gelistae
532 2084 616 2144 inira
651 2083 826 2144 matutinas
859 2083 1055 2144 obdormivit
1087 2085 1122 2144 in

329 2192 513 2252 1⁵Domino.
543 2191 639 2252 Anno
660 2191 792 2252 Domini
815 2162 1086 2253 mcchxx?

381 2388 438 2447 DE
461 2387 606 2448 LAVDE
629 2387 884 2449 DVLCISSIMI
909 2388 1104 2449 NOMINIS

392 2485 503 2546 IESV:
527 2484 578 2544 ET
601 2485 901 2547 DVLCISSIMAE
924 2483 1091 2545 MATRIS

590 2583 686 2644 EIVS
710 2583 890 2643 MARIAE.

633 2732 753 2783 SERMO
771 2733 849 2781 XXII.

326 2810 587 3030 ωῇἕῗῆήέαε
611 2885 699 2928 meus
726 2885 823 2945 super
849 2868 911 2928 mel
935 2868 1061 2927 dulcis:
1091 2875 1127 2928 et

489 2967 648 3026 hereditas
663 2983 734 3026 meo
749 2983 845 3042 super
864 2966 926 3024 mel
946 2970 978 3024 et
993 2968 1124 3041 fovum.

362 3065 467 3140 Digne
499 3064 630 3141 quidem
663 3064 780 3124 iratres
811 3072 843 3123 et
873 3063 1010 3139 pulchre
1041 3062 1123 3122 satis

361 3163 460 3222 verba
489 3172 640 3222 aeternae
677 3162 872 3238 sapientiae,
907 3160 947 3220 ad
983 3169 1122 3220 matrem

362 3259 549 3319 referuntur
577 3259 837 3319 misericordiae:
868 3260 908 3319 de
937 3276 1001 3336 qua
1029 3270 1123 3321 ortus

325 3367 411 3417 asest
433 3358 482 3417 sol
505 3357 647 3417 iustitiae
670 3356 835 3418 Christus.
878 3357 993 3417 Dulcis
1016 3359 1124 3433 lesus,

362 3455 467 3515 dulcis
483 3455 605 3529 Maria3
628 3465 659 3515 et
682 3472 747 3516 non
770 3454 874 3515 estin
898 3455 947 3515 eis
969 3456 1124 3516 amaritu-

361 3554 402 3613 do
425 3553 547 3629 aliqua:
577 3553 635 3612 sed
665 3570 793 3613 summa
819 3553 940 3629 pietas,
970 3570 1124 3614 mansue-

362 3651 438 3710 tudo
461 3651 594 3726 caritas,
623 3660 655 3711 et
685 3651 909 3712 misericordia
936 3651 1008 3711 sine
1031 3669 1124 3712 men-

362 3767 447 3808 sura.
492 3751 613 3810 Beatus
635 3749 690 3825 qui
716 3749 870 3808 adhaeret
891 3749 1040 3826 vestigiis
1063 3751 1125 3809 hu-

721 3853 762 3894 212
