2692 4659
243 812 273 862 et
294 820 354 877 per
382 802 531 878 singulos
560 819 664 862 annos
686 802 866 863 cultoribus
894 814 999 863 terrae

243 912 272 961 et
301 899 507 959 messoribus
538 910 715 960 consuetos
745 900 868 960 reditus
897 902 999 960 solvo.

243 999 279 1059 Et
301 1016 361 1074 pro
391 998 544 1058 omnibus
572 997 645 1058 istis
673 998 843 1057 beneficiis
870 999 1001 1075 largiter

242 1096 432 1156 hominibus
454 1096 647 1172 apportatis,
671 1113 737 1155 non
759 1096 846 1156 aliud
869 1096 999 1173 requiro

242 1203 272 1253 et
293 1203 422 1269 gratum
446 1193 567 1268 habe03
595 1193 658 1252 nisi
683 1202 717 1252 ut
741 1210 856 1253 omnes
879 1194 1022 1270 ubiques

241 1301 403 1351 terrarum
432 1289 599 1366 nationes,
628 1301 660 1351 et
689 1290 815 1351 insulae
843 1292 1000 1368 gentium,

242 1390 351 1449 Deum
367 1398 566 1464 cognoscant
581 1390 698 1462 colant,
713 1389 911 1466 praedicent,
934 1391 1000 1449 lau·

240 1487 320 1546 dent
347 1496 381 1546 et
409 1487 560 1562 adorent3
591 1496 623 1546 et
651 1504 752 1563 super
779 1488 889 1548 omnia
915 1488 1000 1547 bona

240 1583 385 1643 visibilia
414 1594 445 1643 et
475 1583 653 1643 invisibilia
681 1584 814 1661 diligant
838 1587 999 1645 honorent

239 1691 273 1742 et
304 1682 466 1742 exaltent:
502 1682 655 1758 quamdiu
687 1682 820 1757 vivunt,
854 1682 999 1760 odorant,
1011 1699 1035 1739 ιο

238 1780 377 1855 spirant,
398 1790 516 1840 terram
540 1781 675 1856 calcant,
698 1781 824 1841 fodiunt
846 1782 999 1858 plantant,

238 1889 273 1939 et
294 1878 476 1938 aedificant.
520 1879 586 1955 Ego
608 1896 739 1955 quoque
765 1890 837 1955 post
860 1891 998 1940 mortem

238 1975 351 2036 carnis
382 1974 504 2051 recipio
536 1992 672 2051 corpora
705 1976 933 2037 defunctorum
965 1977 998 2037 in

237 2073 403 2150 gremium
433 2089 544 2132 meum
579 2082 742 2149 tamquam
776 2083 880 2133 mater
915 2075 999 2134 lilios

239 2173 317 2231 luce
338 2170 499 2247 privatos;
528 2170 603 2246 quia
625 2171 665 2230 de
694 2180 780 2231 terra
809 2172 891 2232 facta
913 2183 1035 2248 sunt,15

239 2279 273 2329 et
295 2268 330 2328 in
352 2277 471 2328 terram
494 2269 604 2329 omnia
626 2281 832 2330 revertentur
853 2270 937 2331 sicut
959 2272 998 2331 ad

238 2376 378 2427 matrem
401 2385 493 2427 suam
518 2368 603 2427 unde
626 2368 731 2428 lactus
753 2379 803 2428 est
824 2367 945 2428 Adam:
967 2379 999 2429 et

237 2477 404 2541 tamquam
428 2466 467 2525 ad
485 2483 659 2526 commune
675 2468 835 2542 hospitale
851 2466 997 2527 omnium

237 2563 426 2623 mortalium
442 2564 699 2640 peregrinorum.
723 2564 808 2626 Cum
821 2565 907 2624 enim
924 2565 998 2641 quis

237 2660 367 2721 inutilis
383 2661 480 2721 fuerit
495 2662 628 2736 mundo,
649 2671 704 2721 aut
725 2662 818 2721 senio
838 2662 1033 2739 fatigatus,ao

236 2769 294 2819 aut
323 2759 409 2818 bello
438 2760 586 2835 occisus,
618 2770 671 2820 aut
701 2761 813 2820 morbo
845 2760 998 2836 inlectus,

236 2868 294 2918 aut
310 2858 401 2917 vultu
418 2856 586 2932 deformis,
602 2866 634 2917 et
648 2874 745 2917 nemo
757 2859 844 2917 hunc
858 2857 997 2933 amplius

237 2954 381 3015 voluerit
410 2954 443 3014 in
473 2954 569 3014 domo
597 2964 728 3030 tenere,
759 2973 820 3015 nec
851 2955 884 3014 in
914 2956 997 3014 lecto

237 3053 410 3128 refovere3
438 3062 516 3112 tunc
545 3052 617 3112 sine
647 3053 742 3130 longa
769 3071 860 3114 mora
883 3054 922 3113 ad
945 3070 998 3113 me

238 3149 334 3209 amici
351 3150 404 3209 vel
417 3148 516 3209 vicini
533 3159 716 3226 recurrunt,
732 3151 859 3210 foveam
875 3161 1033 3227 parant,25

237 3259 269 3308 et
291 3248 455 3307 abiectum
485 3265 580 3308 suum
610 3248 649 3308 ad
679 3266 731 3308 me
760 3250 936 3310 reducunt:
965 3261 997 3311 et

238 3345 300 3403 sub
329 3354 416 3405 tecto
438 3362 512 3405 meo
539 3346 573 3405 in
596 3355 682 3406 terra
703 3347 915 3406 abscondunt.
959 3348 997 3408 Et

238 3459 335 3517 quem
352 3443 518 3502 viventem
531 3444 721 3519 dilexerant,
736 3455 769 3503 et
779 3444 872 3503 valde
888 3444 995 3504 lauda-

239 3540 314 3600 bant
335 3549 368 3600 et
383 3541 602 3601 honorabant:
625 3541 688 3601 iam
704 3552 867 3601 mortuum
884 3542 996 3617 vitant,

238 3654 334 3697 nares
351 3639 536 3712 obstruunt,
557 3636 721 3713 inspicere
737 3640 942 3715 horrescunt,
964 3652 1031 3701 etao

238 3737 405 3796 recedunt.
443 3735 508 3811 Ego
530 3744 638 3795 autem
657 3745 743 3795 terra
757 3754 776 3795 a
792 3737 862 3796 Deo
878 3746 994 3812 creata,

599 3840 638 3880 rsa
