<?xml version="1.0" encoding="UTF-8"?>
<!DOCTYPE html PUBLIC "-//W3C//DTD XHTML 1.0 Transitional//EN"
    "http://www.w3.org/TR/xhtml1/DTD/xhtml1-transitional.dtd">
<html xmlns="http://www.w3.org/1999/xhtml" xml:lang="en" lang="en">
 <head>
  <title>
</title>
<meta http-equiv="Content-Type" content="text/html;charset=utf-8" />
  <meta name='ocr-system' content='tesseract 3.04.00' />
  <meta name='ocr-capabilities' content='ocr_page ocr_carea ocr_par ocr_line ocrx_word'/>
</head>
<body>
  <div class='ocr_page' id='page_1' title='image "./thomaehemerkena00pohlgoog_0212.png"; bbox 0 0 2692 4659; ppageno 0'>
   <div class='ocr_carea' id='block_1_1' title="bbox 373 674 1135 729">
    <p class='ocr_par' dir='ltr' id='par_1_1' title="bbox 373 674 1135 729">
     <span class='ocr_line' id='line_1_1' title="bbox 373 674 1135 729; baseline -0.013 -7"><span class='ocrx_word' id='word_1_1' title='bbox 373 676 534 729; x_wconf 53' lang='lat' dir='ltr'>mm</span> <span class='ocrx_word' id='word_1_2' title='bbox 561 675 725 718; x_wconf 65' lang='lat' dir='ltr'>surmont-:s</span> <span class='ocrx_word' id='word_1_3' title='bbox 741 675 780 718; x_wconf 81' lang='lat' dir='ltr'>AD</span> <span class='ocrx_word' id='word_1_4' title='bbox 798 674 947 717; x_wconf 86' lang='lat' dir='ltr'>NOVICIOS</span> <span class='ocrx_word' id='word_1_5' title='bbox 972 675 1135 727; x_wconf 51' lang='lat' dir='ltr'>[emm</span> 
     </span>
    </p>
   </div>
   <div class='ocr_carea' id='block_1_2' title="bbox 339 808 1134 2338">
    <p class='ocr_par' dir='ltr' id='par_1_2' title="bbox 339 808 1134 2338">
     <span class='ocr_line' id='line_1_2' title="bbox 376 808 1132 886; baseline -0.001 -18"><span class='ocrx_word' id='word_1_6' title='bbox 376 810 494 870; x_wconf 84' lang='lat' dir='ltr'><strong>Postea</strong></span> <span class='ocrx_word' id='word_1_7' title='bbox 522 820 585 871; x_wconf 92' lang='lat' dir='ltr'>tam</span> <span class='ocrx_word' id='word_1_8' title='bbox 615 809 758 886; x_wconf 87' lang='lat' dir='ltr'>graviter</span> <span class='ocrx_word' id='word_1_9' title='bbox 787 808 847 869; x_wconf 85' lang='lat' dir='ltr'>fuit</span> <span class='ocrx_word' id='word_1_10' title='bbox 877 809 1071 886; x_wconf 90' lang='lat' dir='ltr'>perterritus</span> <span class='ocrx_word' id='word_1_11' title='bbox 1101 808 1132 868; x_wconf 93' lang='lat' dir='ltr'>in</span> 
     </span>
     <span class='ocr_line' id='line_1_3' title="bbox 374 906 1133 984; baseline 0 -18"><span class='ocrx_word' id='word_1_12' title='bbox 374 925 490 967; x_wconf 91' lang='lat' dir='ltr'>somno</span> <span class='ocrx_word' id='word_1_13' title='bbox 520 909 558 967; x_wconf 90' lang='lat' dir='ltr'>ab</span> <span class='ocrx_word' id='word_1_14' title='bbox 587 908 721 984; x_wconf 90' lang='lat' dir='ltr'>antiquo</span> <span class='ocrx_word' id='word_1_15' title='bbox 750 908 884 968; x_wconf 89' lang='lat' dir='ltr'>humani</span> <span class='ocrx_word' id='word_1_16' title='bbox 913 907 1045 984; x_wconf 89' lang='lat' dir='ltr'>generis</span> <span class='ocrx_word' id='word_1_17' title='bbox 1074 906 1133 966; x_wconf 91' lang='lat' dir='ltr'>ini·</span> 
     </span>
     <span class='ocr_line' id='line_1_4' title="bbox 374 1004 1134 1082; baseline -0.003 -17"><span class='ocrx_word' id='word_1_18' title='bbox 374 1005 476 1081; x_wconf 92' lang='lat' dir='ltr'>mico;</span> <span class='ocrx_word' id='word_1_19' title='bbox 498 1005 542 1066; x_wconf 90' lang='lat' dir='ltr'>ita</span> <span class='ocrx_word' id='word_1_20' title='bbox 557 1006 643 1082; x_wconf 91' lang='lat' dir='ltr'>quod</span> <span class='ocrx_word' id='word_1_21' title='bbox 665 1022 742 1082; x_wconf 89' lang='lat' dir='ltr'>prae</span> <span class='ocrx_word' id='word_1_22' title='bbox 758 1004 874 1065; x_wconf 91' lang='lat' dir='ltr'>timore</span> <span class='ocrx_word' id='word_1_23' title='bbox 897 1005 1052 1065; x_wconf 90' lang='lat' dir='ltr'>clamaret</span> <span class='ocrx_word' id='word_1_24' title='bbox 1071 1004 1134 1063; x_wconf 89' lang='lat' dir='ltr'>alta</span> 
     </span>
     <span class='ocr_line' id='line_1_5' title="bbox 374 1102 1132 1180; baseline 0.001 -21"><span class='ocrx_word' id='word_1_25' title='bbox 374 1118 471 1161; x_wconf 88' lang='lat' dir='ltr'>voce:</span> <span class='ocrx_word' id='word_1_26' title='bbox 494 1111 526 1162; x_wconf 93' lang='lat' dir='ltr'>et</span> <span class='ocrx_word' id='word_1_27' title='bbox 548 1104 795 1180; x_wconf 82' lang='lat' dir='ltr'>expergefactus</span> <span class='ocrx_word' id='word_1_28' title='bbox 818 1111 973 1163; x_wconf 93' lang='lat' dir='ltr'>tremeret</span> <span class='ocrx_word' id='word_1_29' title='bbox 988 1120 1062 1162; x_wconf 91' lang='lat' dir='ltr'>cum</span> <span class='ocrx_word' id='word_1_30' title='bbox 1086 1102 1132 1161; x_wconf 88' lang='lat' dir='ltr'>in-</span> 
     </span>
     <span class='ocr_line' id='line_1_6' title="bbox 351 1198 1131 1277; baseline -0.004 -18"><span class='ocrx_word' id='word_1_31' title='bbox 351 1200 459 1275; x_wconf 83' lang='lat' dir='ltr'>sgenti</span> <span class='ocrx_word' id='word_1_32' title='bbox 490 1210 633 1277; x_wconf 87' lang='lat' dir='ltr'><strong>stupore.</strong></span> <span class='ocrx_word' id='word_1_33' title='bbox 675 1201 766 1261; x_wconf 90' lang='lat' dir='ltr'>Tunc</span> <span class='ocrx_word' id='word_1_34' title='bbox 789 1202 918 1261; x_wconf 93' lang='lat' dir='ltr'>demum</span> <span class='ocrx_word' id='word_1_35' title='bbox 943 1198 1131 1258; x_wconf 91' lang='lat' dir='ltr'>recordatus</span> 
     </span>
     <span class='ocr_line' id='line_1_7' title="bbox 374 1295 1132 1376; baseline -0.004 -20"><span class='ocrx_word' id='word_1_36' title='bbox 374 1308 440 1372; x_wconf 88' lang='lat' dir='ltr'>est,</span> <span class='ocrx_word' id='word_1_37' title='bbox 470 1298 545 1374; x_wconf 87' lang='lat' dir='ltr'>quia</span> <span class='ocrx_word' id='word_1_38' title='bbox 567 1317 706 1375; x_wconf 87' lang='lat' dir='ltr'>vespere</span> <span class='ocrx_word' id='word_1_39' title='bbox 728 1296 934 1376; x_wconf 84' lang='lat' dir='ltr'>praecedenti</span> <span class='ocrx_word' id='word_1_40' title='bbox 965 1313 1031 1355; x_wconf 93' lang='lat' dir='ltr'>non</span> <span class='ocrx_word' id='word_1_41' title='bbox 1054 1295 1132 1354; x_wconf 90' lang='lat' dir='ltr'>satis</span> 
     </span>
     <span class='ocr_line' id='line_1_8' title="bbox 374 1394 1131 1473; baseline -0.004 -19"><span class='ocrx_word' id='word_1_42' title='bbox 374 1404 467 1455; x_wconf 90' lang='lat' dir='ltr'>caute</span> <span class='ocrx_word' id='word_1_43' title='bbox 489 1413 525 1455; x_wconf 93' lang='lat' dir='ltr'>se</span> <span class='ocrx_word' id='word_1_44' title='bbox 548 1396 710 1473; x_wconf 84' lang='lat' dir='ltr'>signasset</span> <span class='ocrx_word' id='word_1_45' title='bbox 734 1397 829 1456; x_wconf 91' lang='lat' dir='ltr'>solito</span> <span class='ocrx_word' id='word_1_46' title='bbox 852 1394 972 1456; x_wconf 84' lang='lat' dir='ltr'>vexillo</span> <span class='ocrx_word' id='word_1_47' title='bbox 1002 1403 1131 1453; x_wconf 88' lang='lat' dir='ltr'>sanctae</span> 
     </span>
     <span class='ocr_line' id='line_1_9' title="bbox 374 1490 1132 1568; baseline -0.003 -17"><span class='ocrx_word' id='word_1_48' title='bbox 374 1493 498 1553; x_wconf 92' lang='lat' dir='ltr'>crucis:</span> <span class='ocrx_word' id='word_1_49' title='bbox 530 1503 562 1554; x_wconf 93' lang='lat' dir='ltr'>et</span> <span class='ocrx_word' id='word_1_50' title='bbox 592 1494 714 1555; x_wconf 89' lang='lat' dir='ltr'>idcirco</span> <span class='ocrx_word' id='word_1_51' title='bbox 743 1494 848 1554; x_wconf 91' lang='lat' dir='ltr'>hostis</span> <span class='ocrx_word' id='word_1_52' title='bbox 877 1492 1040 1568; x_wconf 86' lang='lat' dir='ltr'>malignus</span> <span class='ocrx_word' id='word_1_53' title='bbox 1074 1490 1132 1549; x_wconf 80' lang='lat' dir='ltr'>fuit</span> 
     </span>
     <span class='ocr_line' id='line_1_10' title="bbox 374 1588 1131 1653; baseline -0.004 -4"><span class='ocrx_word' id='word_1_54' title='bbox 374 1590 436 1650; x_wconf 89' lang='lat' dir='ltr'>sibi</span> <span class='ocrx_word' id='word_1_55' title='bbox 466 1591 499 1651; x_wconf 95' lang='lat' dir='ltr'>in</span> <span class='ocrx_word' id='word_1_56' title='bbox 529 1592 583 1652; x_wconf 90' lang='lat' dir='ltr'>illa</span> <span class='ocrx_word' id='word_1_57' title='bbox 611 1602 707 1653; x_wconf 90' lang='lat' dir='ltr'>nocte</span> <span class='ocrx_word' id='word_1_58' title='bbox 734 1604 799 1653; x_wconf 93' lang='lat' dir='ltr'>tam</span> <span class='ocrx_word' id='word_1_59' title='bbox 822 1607 939 1651; x_wconf 86' lang='lat' dir='ltr'>severe</span> <span class='ocrx_word' id='word_1_60' title='bbox 963 1588 1131 1648; x_wconf 90' lang='lat' dir='ltr'>molestus.</span> 
     </span>
     <span class='ocr_line' id='line_1_11' title="bbox 340 1687 1133 1766; baseline -0.003 -19"><span class='ocrx_word' id='word_1_61' title='bbox 340 1687 425 1748; x_wconf 83' lang='lat' dir='ltr'>roAd</span> <span class='ocrx_word' id='word_1_62' title='bbox 447 1706 483 1748; x_wconf 90' lang='lat' dir='ltr'>se</span> <span class='ocrx_word' id='word_1_63' title='bbox 506 1706 582 1766; x_wconf 86' lang='lat' dir='ltr'>ergo</span> <span class='ocrx_word' id='word_1_64' title='bbox 605 1692 702 1766; x_wconf 84' lang='lat' dir='ltr'>plene</span> <span class='ocrx_word' id='word_1_65' title='bbox 725 1707 889 1765; x_wconf 91' lang='lat' dir='ltr'>reversus,</span> <span class='ocrx_word' id='word_1_66' title='bbox 912 1688 1062 1748; x_wconf 89' lang='lat' dir='ltr'>invocato</span> <span class='ocrx_word' id='word_1_67' title='bbox 1085 1703 1133 1745; x_wconf 89' lang='lat' dir='ltr'>sa·</span> 
     </span>
     <span class='ocr_line' id='line_1_12' title="bbox 374 1785 1133 1864; baseline -0.001 -19"><span class='ocrx_word' id='word_1_68' title='bbox 374 1786 468 1846; x_wconf 88' lang='lat' dir='ltr'>lutari</span> <span class='ocrx_word' id='word_1_69' title='bbox 496 1788 629 1848; x_wconf 92' lang='lat' dir='ltr'>nomine</span> <span class='ocrx_word' id='word_1_70' title='bbox 660 1789 751 1864; x_wconf 86' lang='lat' dir='ltr'>lesu,</span> <span class='ocrx_word' id='word_1_71' title='bbox 783 1804 879 1848; x_wconf 90' lang='lat' dir='ltr'>cruce</span> <span class='ocrx_word' id='word_1_72' title='bbox 909 1804 945 1846; x_wconf 91' lang='lat' dir='ltr'>se</span> <span class='ocrx_word' id='word_1_73' title='bbox 975 1785 1133 1863; x_wconf 87' lang='lat' dir='ltr'>signavit;</span> 
     </span>
     <span class='ocr_line' id='line_1_13' title="bbox 374 1883 1132 1961; baseline -0.001 -18"><span class='ocrx_word' id='word_1_74' title='bbox 374 1893 406 1943; x_wconf 96' lang='lat' dir='ltr'>et</span> <span class='ocrx_word' id='word_1_75' title='bbox 428 1883 618 1961; x_wconf 86' lang='lat' dir='ltr'>suffragium</span> <span class='ocrx_word' id='word_1_76' title='bbox 635 1896 766 1947; x_wconf 92' lang='lat' dir='ltr'>sanctae</span> <span class='ocrx_word' id='word_1_77' title='bbox 783 1886 890 1947; x_wconf 91' lang='lat' dir='ltr'>crucis</span> <span class='ocrx_word' id='word_1_78' title='bbox 906 1887 1023 1945; x_wconf 88' lang='lat' dir='ltr'>devote</span> <span class='ocrx_word' id='word_1_79' title='bbox 1041 1884 1132 1960; x_wconf 85' lang='lat' dir='ltr'>legit:</span> 
     </span>
     <span class='ocr_line' id='line_1_14' title="bbox 374 1980 1132 2060; baseline 0.003 -21"><span class='ocrx_word' id='word_1_80' title='bbox 374 1980 488 2057; x_wconf 90' lang='lat' dir='ltr'>sicque</span> <span class='ocrx_word' id='word_1_81' title='bbox 504 1982 621 2043; x_wconf 91' lang='lat' dir='ltr'>iterum</span> <span class='ocrx_word' id='word_1_82' title='bbox 634 1984 853 2059; x_wconf 90' lang='lat' dir='ltr'>obdormiens,</span> <span class='ocrx_word' id='word_1_83' title='bbox 869 1984 902 2044; x_wconf 93' lang='lat' dir='ltr'>in</span> <span class='ocrx_word' id='word_1_84' title='bbox 914 2000 994 2060; x_wconf 87' lang='lat' dir='ltr'>pace</span> <span class='ocrx_word' id='word_1_85' title='bbox 1006 1982 1132 2044; x_wconf 82' lang='lat' dir='ltr'>Christi</span> 
     </span>
     <span class='ocr_line' id='line_1_15' title="bbox 374 2081 1132 2156; baseline 0.001 -18"><span class='ocrx_word' id='word_1_86' title='bbox 374 2096 490 2139; x_wconf 92' lang='lat' dir='ltr'>secure</span> <span class='ocrx_word' id='word_1_87' title='bbox 513 2081 646 2156; x_wconf 90' lang='lat' dir='ltr'>quievit.</span> <span class='ocrx_word' id='word_1_88' title='bbox 691 2082 728 2142; x_wconf 88' lang='lat' dir='ltr'>Et</span> <span class='ocrx_word' id='word_1_89' title='bbox 757 2083 797 2142; x_wconf 91' lang='lat' dir='ltr'>ob</span> <span class='ocrx_word' id='word_1_90' title='bbox 820 2081 918 2141; x_wconf 93' lang='lat' dir='ltr'>huius</span> <span class='ocrx_word' id='word_1_91' title='bbox 941 2081 987 2141; x_wconf 93' lang='lat' dir='ltr'>rei</span> <span class='ocrx_word' id='word_1_92' title='bbox 1012 2082 1132 2141; x_wconf 87' lang='lat' dir='ltr'>factum</span> 
     </span>
     <span class='ocr_line' id='line_1_16' title="bbox 339 2180 1133 2258; baseline -0.006 -17"><span class='ocrx_word' id='word_1_93' title='bbox 339 2195 432 2253; x_wconf 84' lang='lat' dir='ltr'>rsper</span> <span class='ocrx_word' id='word_1_94' title='bbox 460 2188 590 2239; x_wconf 88' lang='lat' dir='ltr'>sanctae</span> <span class='ocrx_word' id='word_1_95' title='bbox 620 2180 727 2240; x_wconf 91' lang='lat' dir='ltr'>crucis</span> <span class='ocrx_word' id='word_1_96' title='bbox 756 2181 901 2258; x_wconf 89' lang='lat' dir='ltr'>signum:</span> <span class='ocrx_word' id='word_1_97' title='bbox 933 2180 1005 2239; x_wconf 91' lang='lat' dir='ltr'>sine</span> <span class='ocrx_word' id='word_1_98' title='bbox 1035 2195 1133 2237; x_wconf 92' lang='lat' dir='ltr'>cruce</span> 
     </span>
     <span class='ocr_line' id='line_1_17' title="bbox 375 2276 1134 2338; baseline -0.004 -1"><span class='ocrx_word' id='word_1_99' title='bbox 375 2276 500 2337; x_wconf 89' lang='lat' dir='ltr'>Christi</span> <span class='ocrx_word' id='word_1_100' title='bbox 529 2278 654 2337; x_wconf 88' lang='lat' dir='ltr'>nulium</span> <span class='ocrx_word' id='word_1_101' title='bbox 686 2280 791 2338; x_wconf 90' lang='lat' dir='ltr'>locum</span> <span class='ocrx_word' id='word_1_102' title='bbox 822 2276 933 2337; x_wconf 92' lang='lat' dir='ltr'>mundi</span> <span class='ocrx_word' id='word_1_103' title='bbox 963 2277 1002 2336; x_wconf 87' lang='lat' dir='ltr'>ab</span> <span class='ocrx_word' id='word_1_104' title='bbox 1028 2276 1134 2336; x_wconf 92' lang='lat' dir='ltr'>hostis</span> 
     </span>
    </p>
   </div>
   <div class='ocr_carea' id='block_1_3' title="bbox 374 2382 894 2451">
    <p class='ocr_par' dir='ltr' id='par_1_3' title="bbox 374 2382 894 2451">
     <span class='ocr_line' id='line_1_18' title="bbox 374 2382 894 2451; baseline 0.002 -18"><span class='ocrx_word' id='word_1_105' title='bbox 374 2382 499 2434; x_wconf 74' lang='lat' dir='ltr'>tei&#39;i&#39;Oi&#39;e</span> <span class='ocrx_word' id='word_1_106' title='bbox 521 2384 610 2451; x_wconf 70' lang='lat' dir='ltr'>putat</span> <span class='ocrx_word' id='word_1_107' title='bbox 632 2393 708 2435; x_wconf 74' lang='lat' dir='ltr'>esse</span> <span class='ocrx_word' id='word_1_108' title='bbox 730 2393 894 2435; x_wconf 73' lang='lat' dir='ltr'>securum.</span> 
     </span>
    </p>
   </div>
   <div class='ocr_carea' id='block_1_4' title="bbox 694 2615 812 2663">
    <p class='ocr_par' dir='ltr' id='par_1_4' title="bbox 694 2615 812 2663">
     <span class='ocr_line' id='line_1_19' title="bbox 694 2615 812 2663; baseline -0.008 0"><span class='ocrx_word' id='word_1_109' title='bbox 694 2615 812 2663; x_wconf 80' lang='lat' dir='ltr'><strong>ALIVD.</strong></span> 
     </span>
    </p>
   </div>
   <div class='ocr_carea' id='block_1_5' title="bbox 337 2705 1134 3724">
    <p class='ocr_par' dir='ltr' id='par_1_5' title="bbox 337 2705 1134 3724">
     <span class='ocr_line' id='line_1_20' title="bbox 375 2705 1134 2937; baseline 0 -110"><span class='ocrx_word' id='word_1_110' title='bbox 375 2705 524 2937; x_wconf 30' lang='grc' dir='ltr'>ΜΗ</span> <span class='ocrx_word' id='word_1_111' title='bbox 548 2767 678 2844; x_wconf 90' lang='lat' dir='ltr'>quidam</span> <span class='ocrx_word' id='word_1_112' title='bbox 701 2770 861 2828; x_wconf 89' lang='lat' dir='ltr'>honestus</span> <span class='ocrx_word' id='word_1_113' title='bbox 885 2766 965 2827; x_wconf 93' lang='lat' dir='ltr'>vidit</span> <span class='ocrx_word' id='word_1_114' title='bbox 987 2767 1021 2826; x_wconf 95' lang='lat' dir='ltr'>in</span> <span class='ocrx_word' id='word_1_115' title='bbox 1047 2785 1134 2827; x_wconf 90' lang='lat' dir='ltr'>som·</span> 
     </span>
     <span class='ocr_line' id='line_1_21' title="bbox 337 2864 1133 2941; baseline 0.005 -20"><span class='ocrx_word' id='word_1_116' title='bbox 337 2880 365 2921; x_wconf 80' lang='lat' dir='ltr'>aa</span> <span class='ocrx_word' id='word_1_117' title='bbox 511 2866 564 2925; x_wconf 90' lang='lat' dir='ltr'>nis</span> <span class='ocrx_word' id='word_1_118' title='bbox 586 2865 646 2925; x_wconf 93' lang='lat' dir='ltr'>sibi</span> <span class='ocrx_word' id='word_1_119' title='bbox 670 2876 776 2925; x_wconf 84' lang='lat' dir='ltr'>astare</span> <span class='ocrx_word' id='word_1_120' title='bbox 803 2864 977 2941; x_wconf 85' lang='lat' dir='ltr'>imaginem</span> <span class='ocrx_word' id='word_1_121' title='bbox 1001 2875 1133 2925; x_wconf 86' lang='lat' dir='ltr'>sanctae</span> 
     </span>
     <span class='ocr_line' id='line_1_22' title="bbox 375 2963 1133 3041; baseline -0.001 -18"><span class='ocrx_word' id='word_1_122' title='bbox 375 2965 491 3023; x_wconf 91' lang='lat' dir='ltr'>crucis.</span> <span class='ocrx_word' id='word_1_123' title='bbox 535 2964 629 3041; x_wconf 87' lang='lat' dir='ltr'>Quae</span> <span class='ocrx_word' id='word_1_124' title='bbox 651 2963 756 3039; x_wconf 90' lang='lat' dir='ltr'>primo</span> <span class='ocrx_word' id='word_1_125' title='bbox 779 2973 853 3022; x_wconf 84' lang='lat' dir='ltr'>ante</span> <span class='ocrx_word' id='word_1_126' title='bbox 881 2980 955 3022; x_wconf 90' lang='lat' dir='ltr'>eum</span> <span class='ocrx_word' id='word_1_127' title='bbox 982 2964 1072 3024; x_wconf 90' lang='lat' dir='ltr'>stetit</span> <span class='ocrx_word' id='word_1_128' title='bbox 1102 2972 1133 3023; x_wconf 92' lang='lat' dir='ltr'>et</span> 
     </span>
     <span class='ocr_line' id='line_1_23' title="bbox 374 3060 1133 3138; baseline -0.001 -17"><span class='ocrx_word' id='word_1_129' title='bbox 374 3062 517 3137; x_wconf 87' lang='lat' dir='ltr'>aspexit:</span> <span class='ocrx_word' id='word_1_130' title='bbox 546 3071 659 3138; x_wconf 89' lang='lat' dir='ltr'>postea</span> <span class='ocrx_word' id='word_1_131' title='bbox 681 3078 759 3120; x_wconf 89' lang='lat' dir='ltr'>vero</span> <span class='ocrx_word' id='word_1_132' title='bbox 789 3071 875 3120; x_wconf 86' lang='lat' dir='ltr'>retro</span> <span class='ocrx_word' id='word_1_133' title='bbox 905 3060 1012 3137; x_wconf 91' lang='lat' dir='ltr'>ipsum</span> <span class='ocrx_word' id='word_1_134' title='bbox 1043 3072 1133 3121; x_wconf 86' lang='lat' dir='ltr'>stans</span> 
     </span>
     <span class='ocr_line' id='line_1_24' title="bbox 374 3158 1133 3236; baseline 0.001 -18"><span class='ocrx_word' id='word_1_135' title='bbox 374 3159 406 3218; x_wconf 94' lang='lat' dir='ltr'>in</span> <span class='ocrx_word' id='word_1_136' title='bbox 429 3160 526 3218; x_wconf 90' lang='lat' dir='ltr'>dorso</span> <span class='ocrx_word' id='word_1_137' title='bbox 549 3158 687 3218; x_wconf 90' lang='lat' dir='ltr'>detrusit</span> <span class='ocrx_word' id='word_1_138' title='bbox 709 3168 741 3218; x_wconf 89' lang='lat' dir='ltr'>et</span> <span class='ocrx_word' id='word_1_139' title='bbox 763 3158 910 3219; x_wconf 88' lang='lat' dir='ltr'>recessit.</span> <span class='ocrx_word' id='word_1_140' title='bbox 947 3158 1054 3236; x_wconf 90' lang='lat' dir='ltr'>Super</span> <span class='ocrx_word' id='word_1_141' title='bbox 1069 3176 1133 3236; x_wconf 91' lang='lat' dir='ltr'>quo</span> 
     </span>
     <span class='ocr_line' id='line_1_25' title="bbox 373 3254 1131 3334; baseline -0.005 -17"><span class='ocrx_word' id='word_1_142' title='bbox 373 3257 472 3318; x_wconf 89' lang='lat' dir='ltr'>nimis</span> <span class='ocrx_word' id='word_1_143' title='bbox 501 3257 693 3334; x_wconf 90' lang='lat' dir='ltr'>perterritus</span> <span class='ocrx_word' id='word_1_144' title='bbox 722 3268 754 3317; x_wconf 93' lang='lat' dir='ltr'>et</span> <span class='ocrx_word' id='word_1_145' title='bbox 783 3257 975 3333; x_wconf 90' lang='lat' dir='ltr'>perplexus:</span> <span class='ocrx_word' id='word_1_146' title='bbox 1005 3254 1131 3315; x_wconf 85' lang='lat' dir='ltr'>cuidam</span> 
     </span>
     <span class='ocr_line' id='line_1_26' title="bbox 337 3354 1132 3432; baseline -0.001 -19"><span class='ocrx_word' id='word_1_147' title='bbox 337 3356 491 3415; x_wconf 78' lang='lat' dir='ltr'>asdevoto</span> <span class='ocrx_word' id='word_1_148' title='bbox 509 3356 701 3432; x_wconf 90' lang='lat' dir='ltr'>presbytero</span> <span class='ocrx_word' id='word_1_149' title='bbox 718 3356 803 3431; x_wconf 92' lang='lat' dir='ltr'>quod</span> <span class='ocrx_word' id='word_1_150' title='bbox 819 3356 944 3415; x_wconf 83' lang='lat' dir='ltr'>viderat</span> <span class='ocrx_word' id='word_1_151' title='bbox 966 3354 1132 3414; x_wconf 87' lang='lat' dir='ltr'>revelavit.</span> 
     </span>
     <span class='ocr_line' id='line_1_27' title="bbox 375 3451 1131 3530; baseline -0.003 -18"><span class='ocrx_word' id='word_1_152' title='bbox 375 3454 440 3530; x_wconf 91' lang='lat' dir='ltr'>Qui</span> <span class='ocrx_word' id='word_1_153' title='bbox 464 3454 624 3514; x_wconf 88' lang='lat' dir='ltr'>visionem</span> <span class='ocrx_word' id='word_1_154' title='bbox 650 3453 858 3529; x_wconf 88' lang='lat' dir='ltr'>perpendens</span> <span class='ocrx_word' id='word_1_155' title='bbox 886 3470 947 3513; x_wconf 91' lang='lat' dir='ltr'>nec</span> <span class='ocrx_word' id='word_1_156' title='bbox 970 3451 1131 3511; x_wconf 77' lang='lat' dir='ltr'>incessam</span> 
     </span>
     <span class='ocr_line' id='line_1_28' title="bbox 375 3549 1133 3626; baseline -0.004 -16"><span class='ocrx_word' id='word_1_157' title='bbox 375 3561 544 3626; x_wconf 85' lang='lat' dir='ltr'>reputans:</span> <span class='ocrx_word' id='word_1_158' title='bbox 567 3550 611 3610; x_wconf 92' lang='lat' dir='ltr'>ait</span> <span class='ocrx_word' id='word_1_159' title='bbox 632 3550 816 3626; x_wconf 88' lang='lat' dir='ltr'>trepidanti.</span> <span class='ocrx_word' id='word_1_160' title='bbox 853 3551 947 3611; x_wconf 90' lang='lat' dir='ltr'>Forte</span> <span class='ocrx_word' id='word_1_161' title='bbox 971 3549 1133 3609; x_wconf 88' lang='lat' dir='ltr'>Dominus</span> 
     </span>
     <span class='ocr_line' id='line_1_29' title="bbox 373 3647 1132 3724; baseline -0.001 -16"><span class='ocrx_word' id='word_1_162' title='bbox 373 3659 485 3708; x_wconf 84' lang='lat' dir='ltr'>noster</span> <span class='ocrx_word' id='word_1_163' title='bbox 496 3649 564 3709; x_wconf 84' lang='lat' dir='ltr'>vult</span> <span class='ocrx_word' id='word_1_164' title='bbox 575 3666 634 3708; x_wconf 94' lang='lat' dir='ltr'>vos</span> <span class='ocrx_word' id='word_1_165' title='bbox 645 3649 796 3724; x_wconf 91' lang='lat' dir='ltr'>probare:</span> <span class='ocrx_word' id='word_1_166' title='bbox 810 3656 842 3708; x_wconf 93' lang='lat' dir='ltr'>et</span> <span class='ocrx_word' id='word_1_167' title='bbox 853 3649 892 3707; x_wconf 93' lang='lat' dir='ltr'>ad</span> <span class='ocrx_word' id='word_1_168' title='bbox 903 3647 1132 3708; x_wconf 88' lang='lat' dir='ltr'>sustinendum</span> 
     </span>
    </p>
   </div>
   <div class='ocr_carea' id='block_1_6' title="bbox 374 3745 1134 3891">
    <p class='ocr_par' dir='ltr' id='par_1_6' title="bbox 374 3745 1134 3891">
     <span class='ocr_line' id='line_1_30' title="bbox 374 3745 1134 3823; baseline 0 -18"><span class='ocrx_word' id='word_1_169' title='bbox 374 3746 495 3823; x_wconf 88' lang='lat' dir='ltr'>aliquid</span> <span class='ocrx_word' id='word_1_170' title='bbox 529 3746 640 3806; x_wconf 91' lang='lat' dir='ltr'>oneris</span> <span class='ocrx_word' id='word_1_171' title='bbox 671 3745 765 3805; x_wconf 91' lang='lat' dir='ltr'>vobis</span> <span class='ocrx_word' id='word_1_172' title='bbox 801 3745 981 3822; x_wconf 83' lang='lat' dir='ltr'>imponere.</span> <span class='ocrx_word' id='word_1_173' title='bbox 1038 3745 1134 3805; x_wconf 89' lang='lat' dir='ltr'>Prae·</span> 
     </span>
     <span class='ocr_line' id='line_1_31' title="bbox 737 3849 775 3891; baseline 0.026 -1"><span class='ocrx_word' id='word_1_174' title='bbox 737 3849 775 3891; x_wconf 80' lang='lat' dir='ltr'>rac</span> 
     </span>
    </p>
   </div>
   <div class='ocr_carea' id='block_1_7' title="bbox 0 0 1350 4659">
    <p class='ocr_par' dir='ltr' id='par_1_7' title="bbox 0 0 1350 4659">
     <span class='ocr_line' id='line_1_32' title="bbox 0 0 1350 4659; baseline 0 0"><span class='ocrx_word' id='word_1_175' title='bbox 0 0 1350 4659; x_wconf 95' lang='lat' dir='ltr'> </span> 
     </span>
    </p>
   </div>
  </div>
 </body>
</html>
