2692 4659
364 669 525 722 mm
554 669 716 713 SERMONES
731 670 771 712 ΑΙ)
789 669 936 713 NOVICIOS
962 671 1126 724 ffiffiw

366 820 436 863 cem
471 804 546 863 lesu
578 804 806 879 compatiendo
842 803 903 863 sibi
941 815 973 865 et
1004 805 1125 866 dilecto

366 901 432 961 lilio
454 918 515 961 suo
537 918 577 961 ex
599 901 714 961 intimo
730 902 845 961 corde:
868 911 902 962 ut
924 912 956 963 et
977 902 1049 978 ipsa
1066 903 1126 965 ite·

365 1017 436 1060 rum
460 999 574 1059 sedule
603 1008 675 1058 oret
703 999 925 1075 propeccatis
955 1009 986 1059 et
1015 1001 1126 1077 negle-

363 1097 483 1174 gentiis
498 1095 617 1156 vestris
639 1095 671 1154 in
693 1106 807 1156 morte.
837 1096 902 1173 Qui
926 1096 1012 1157 enim
1037 1115 1125 1158 nunc

341 1212 463 1271 ssaepe
494 1203 527 1255 et
557 1195 675 1255 devote
707 1195 893 1270 passionem
927 1196 1059 1255 Domini
1093 1205 1126 1257 et

364 1292 514 1352 lacrimas
530 1292 738 1353 tristissimae
754 1293 866 1352 matris
882 1293 953 1352 eius
964 1293 1018 1368 pio
1034 1310 1125 1354 men-

364 1389 406 1449 tis
428 1389 546 1450 affectu
563 1389 718 1466 recogitat
734 1398 766 1450 et
781 1390 969 1466 perpendit3
991 1408 1124 1467 sperare

364 1486 460 1547 debet
482 1487 522 1547 de
545 1486 770 1547 misericordia
787 1488 858 1563 Dei,
881 1497 913 1548 et
934 1488 1124 1549 benivolen-

364 1584 408 1644 tia
439 1585 607 1645 amborum
640 1584 754 1644 matris
786 1594 818 1645 et
849 1585 906 1645 filii
938 1586 1025 1661 quod
1061 1587 1123 1646 sibi

330 1683 461 1747 roetiam
485 1684 622 1744 aderunt
643 1684 677 1743 in
699 1684 951 1744 necessitatibus
973 1684 1060 1744 suis:
1092 1694 1124 1745 et

365 1780 561 1841 subvenient
590 1781 789 1841 consolando
818 1781 977 1842 iacentem
1007 1781 1040 1841 in
1071 1800 1124 1842 ex-

365 1877 489 1938 tremis.

406 1974 436 2035 O
456 1993 552 2051 quam
576 1977 658 2036 laeta
680 1976 741 2036 erit
756 1976 863 2036 anima
884 1976 949 2051 illa,
970 1994 1053 2053 quae
1078 1978 1125 2038 le-

366 2092 438 2134 sum
468 2085 500 2135 et
522 2075 659 2135 Mariam
690 2075 802 2136 dilexit
830 2075 863 2135 in
892 2074 957 2135 vita
985 2092 1061 2133 sua:
1093 2084 1125 2134 et

332 2172 491 2234 rstristem
521 2171 693 2232 stationem
717 2172 842 2232 Mariae
871 2172 959 2231 iuxta
989 2188 1122 2231 crucem

367 2271 441 2330 lesu
464 2270 552 2330 omni
575 2270 627 2330 die
650 2270 789 2330 revolvit
814 2270 847 2330 in
870 2277 989 2329 mente.
1033 2268 1124 2328 Felix

366 2367 539 2443 religiosus
561 2367 616 2428 ille
632 2378 848 2428 contemnens
870 2366 979 2427 omnia
1001 2367 1124 2426 solacia

366 2466 496 2541 mundi;
524 2466 578 2542 qui
609 2466 773 2526 dominam
803 2476 946 2525 nostram
976 2472 1122 2524 sanctam

366 2563 503 2623 Mariam
527 2563 624 2639 elegit
653 2563 714 2623 sibi
738 2563 771 2623 in
794 2571 929 2623 matrem
953 2561 1125 2621 consolan-

329 2671 448 2725 2otem:
470 2671 502 2721 et
524 2661 624 2721 totius
646 2660 732 2721 vitae
755 2678 834 2720 suae
859 2659 1027 2720 custodem
1050 2677 1125 2735 pro-

365 2769 538 2836 tegentem.
571 2759 659 2819 Nulli
677 2759 810 2819 dubium
834 2758 912 2835 quin
935 2758 987 2834 pia
1009 2766 1041 2818 et
1064 2759 1124 2818 mi-

365 2857 507 2918 sericors
529 2866 642 2932 mater,
664 2856 861 2917 consolatrix
877 2872 1069 2932 pauperum,
1092 2866 1124 2916 et

364 2955 584 3030 orphanorum
614 2955 770 3029 adiutrix,
801 2955 953 3030 loquetur
983 2952 1127 3013 libenter

365 3069 422 3128 pro
446 3051 532 3111 lideli
555 3069 651 3112 servo
675 3070 734 3112 suo
757 3052 797 3111 de
819 3051 941 3111 mundo
964 3051 1126 3127 pergenti,

328 3150 500 3216 25verbum
516 3150 636 3210 bonum
653 3158 686 3210 et
697 3168 813 3210 suave:
829 3149 986 3225 placando
1004 3149 1121 3209 faciem

364 3246 472 3306 dilecti
503 3247 560 3306 filii
590 3247 640 3307 sui
665 3247 895 3324 Redemptoris
924 3247 1028 3307 nostri
1051 3266 1125 3324 pre·

364 3343 457 3403 cibus
479 3344 549 3404 suis
571 3346 694 3405 sanctis
717 3346 841 3406 dicens.
871 3330 930 3405 Fili
953 3345 998 3405 mi
1015 3363 1125 3406 aman-

364 3442 491 3502 tissime
513 3443 672 3504 miserere
690 3444 817 3503 animae
840 3443 952 3503 famuli
975 3444 1021 3504 tui
1037 3462 1124 3504 ama-

364 3540 445 3600 toris
475 3550 507 3600 et
537 3542 713 3602 laudatoris
744 3542 826 3617 mei,
857 3541 942 3602 sicut
971 3551 1005 3601 tu
1037 3542 1123 3602 bene

327 3638 449 3699 sonosti
473 3648 504 3698 et
527 3639 653 3715 vidisti3
683 3640 723 3700 de
746 3639 840 3699 cuius
862 3657 919 3700 ore
941 3640 1045 3700 sancti
1069 3658 1125 3701 an-

363 3735 426 3812 geli
463 3737 594 3812 saepius
630 3737 709 3797 mihi
746 3737 882 3797 devotae
917 3738 1126 3799 salutationis

721 3841 762 3883 202
