2692 4659
249 838 451 889 morantem:
468 839 619 907 rogantes
634 841 670 890 ut
685 832 723 891 ad
735 849 793 891 eos
803 846 1015 909 properanter

250 925 371 985 venire
393 926 590 1004 dignaretur,
615 947 713 989 causa
734 932 922 990 necessaria
943 949 1014 1007 per-

251 1034 402 1099 urgente.
446 1024 521 1101 Quo
551 1027 763 1103 adveniente,
792 1046 860 1087 rem
889 1038 1013 1106 gestam

249 1138 314 1197 per
330 1121 476 1182 ordinem
493 1124 654 1198 pandunt:
675 1135 707 1184 et
721 1125 799 1201 quid
814 1126 877 1185 iam
894 1126 1013 1186 facien-

250 1218 333 1276 dum
355 1218 398 1277 sit
412 1219 585 1296 diligenter
603 1221 790 1297 efflagitant.
828 1224 897 1283 Nec
920 1224 1035 1301 longas

252 1331 348 1374 mora
369 1315 523 1377 trahitur:
545 1319 603 1378 sed
619 1319 689 1394 paci
707 1320 745 1378 ab
765 1330 901 1397 utraque
924 1332 1013 1397 parte

252 1412 455 1488 providetur.
498 1416 600 1492 Igitur
629 1417 728 1476 frater
752 1418 937 1493 praedictus
959 1420 1013 1478 do·

253 1509 325 1568 lore
356 1528 472 1587 magno
509 1527 744 1591 compunctuS,
780 1516 890 1575 habitu
923 1534 1014 1591 prae-

252 1617 386 1681 sumpto
408 1610 554 1686 exuitur3
583 1623 615 1671 et
636 1629 766 1671 rursum
789 1631 807 1671 a
829 1614 937 1688 priore
960 1616 1014 1673 ha-

252 1702 324 1763 bitu
354 1707 550 1781 regularium
580 1710 811 1770 canonicorum
842 1711 874 1769 in
899 1712 1013 1772 ordine
1025 1729 1049 1769 ro

253 1813 414 1862 consueto
447 1804 646 1865 reinduitur:
678 1807 792 1883 sicque
821 1808 1013 1868 turbationis

252 1902 385 1962 occasio
414 1902 454 1962 de
485 1902 594 1961 medio
623 1904 749 1963 sublata
780 1915 914 1981 repente
945 1922 1013 1964 cas-

252 2010 354 2060 satur.
398 1999 526 2059 Deinde
548 2000 621 2060 dato
645 2000 707 2060 sibi
731 2001 820 2061 socio
843 2003 882 2061 ad
904 2019 1013 2062 mona-

252 2097 391 2157 sterium
412 2114 508 2157 suum
524 2097 697 2172 pristinum
718 2099 830 2176 rediit;
852 2111 884 2159 et
898 2110 1013 2176 petens

253 2194 423 2255 humiliter
444 2193 573 2254 veniam
597 2195 637 2254 de
659 2194 797 2256 offensis
818 2197 967 2271 patratis:
996 2214 1049 2258 ars

253 2291 410 2351 fratribus
425 2292 497 2351 suis
512 2293 770 2354 misericorditer
785 2304 835 2353 est
852 2305 1013 2370 receptus,

253 2390 401 2466 Moxque
417 2389 563 2451 iniuncta
579 2391 639 2450 sibi
656 2392 788 2451 salutari
800 2392 1013 2467 paenitentia:

251 2489 294 2547 de
316 2488 593 2563 praesumptionis
616 2506 727 2549 errore
757 2489 931 2565 castigatus
953 2498 1012 2548 est.

252 2586 292 2645 Et
314 2586 355 2646 de
384 2595 495 2646 cetero
525 2586 650 2646 cautior
680 2587 801 2661 iactuS,
832 2586 944 2645 didicit
967 2586 1012 2646 nil

250 2693 378 2743 temere
410 2684 531 2743 debere
562 2701 676 2760 agere:
708 2701 769 2743 nec
801 2702 859 2760 per
890 2685 1048 2744 alienaszo

250 2783 369 2841 domos
391 2781 585 2857 insipienter
604 2783 798 2842 discursare.

277 2985 335 3044 DE
359 2984 509 3045 CAVTn
533 2986 758 3048 CVSTODIA
783 2987 986 3046 IVVENVM

250 3082 437 3145 CONTRA
463 3083 639 3143 MVLTAS
662 3083 1011 3144 TEMPTATIONES.

538 3233 658 3281 SERMO
676 3234 730 3281 XV.

251 3329 455 3536 &dete
489 3370 651 3443 quomodo
688 3376 782 3429 caute
819 3370 990 3428 ornbuletis
1001 3386 1011 3427 :
1020 3389 1047 3429 25

390 3467 545 3540 quonium
567 3468 636 3527 dies
658 3469 738 3527 moli
763 3473 848 3527 suut.
893 3468 1009 3527 Dilecti

253 3564 370 3624 fratres
401 3564 454 3624 his
483 3566 593 3625 verbis
622 3567 775 3626 admonet
804 3582 865 3624 nos
895 3581 1011 3624 omnes

252 3661 365 3722 doctor
386 3662 538 3739 egregius
559 3664 675 3723 beatus
692 3663 812 3724 Paulus
828 3662 1010 3738 apostolus:

252 3768 286 3819 ut
300 3759 386 3819 cauti
402 3760 518 3835 simus,
534 3770 566 3820 et
581 3761 709 3821 iortiter
723 3770 887 3821 certemus
898 3769 1011 3819 contra

279 3866 396 3907 Toomaea
406 3864 433 3907 Κ.
443 3863 527 3916 Opera.
539 3863 575 3906 Vl.
617 3866 655 3906 113
891 3865 903 3902 8
