2692 4659
197 675 964 730 &mmmmm

202 810 321 885 annis3
350 810 450 870 immo
472 821 505 871 et
526 827 631 886 usque
660 810 820 871 adfinem
851 811 962 871 mundi

202 925 266 985 pro
304 907 522 968 conversione
557 908 733 969 cuiuslibet
768 909 964 985 peccatoris:

202 1016 262 1067 aut
284 1024 343 1083 pro
366 1006 557 1067 liberatione
579 1007 816 1084 cuiuscumque
838 1007 966 1068 animae

204 1103 317 1164 fidelis
332 1121 371 1163 ex
387 1103 561 1180 purgatorii
584 1104 710 1180 poenis.
746 1105 835 1166 Licet
857 1115 964 1166 autem

204 1202 309 1263 tantis
336 1201 529 1278 gravabatur
561 1201 820 1278 infirmitatibus,
850 1205 988 1279 plenos5

204 1311 319 1360 tamen
342 1299 502 1360 retinebat
523 1316 660 1376 sensus,
689 1317 726 1360 ac
748 1301 894 1361 vivacem
918 1319 965 1361 ra·

204 1398 332 1459 tionem
365 1406 398 1456 et
426 1397 634 1457 memoriam:
666 1398 710 1457 ita
738 1399 823 1475 quod
855 1399 966 1460 multis

205 1498 248 1556 de
266 1495 458 1572 longinquis
474 1496 619 1573 partibus
635 1496 763 1556 consilii
779 1498 880 1573 gratia
895 1514 965 1557 eam

206 1593 429 1669 visitantibus,
444 1594 601 1654 solacium
617 1605 682 1654 tam
698 1594 731 1653 in
745 1594 967 1670 spiritualibus

206 1709 309 1770 quam
325 1691 421 1751 etiam
434 1691 467 1751 in
478 1691 701 1767 corporalibus
717 1692 968 1753 necessitatibus
979 1708 1003 1749 ιο

207 1790 409 1850 medicinam
438 1788 652 1865 impenderet.
689 1789 811 1850 lllultas
837 1807 968 1867 quoque

208 1889 354 1949 feminas
375 1888 409 1947 in
431 1899 524 1964 partu
554 1898 719 1963 gravatas:
748 1887 801 1963 pia
823 1905 968 1965 compas-

208 1987 307 2046 sione
330 1996 362 2046 et
384 1985 513 2045 consilii
536 1986 656 2045 auxilio
680 1985 852 2046 relevabat.
882 1987 970 2047 lnter

210 2087 295 2145 haec
327 2085 411 2144 dona
443 2083 600 2144 divinitus
636 2101 795 2144 concessa
826 2101 890 2144 non
922 2085 969 2144 in·

210 2183 366 2243 llabatur:
401 2197 462 2242 nec
493 2181 534 2241 de
564 2198 624 2240 sua
659 2181 692 2241 in
725 2182 833 2243 futuro
867 2182 1004 2259 gloriars

211 2279 386 2357 magnifice
415 2279 659 2356 praesumebat3
691 2280 748 2339 sed
777 2280 810 2339 in
840 2280 968 2340 humili·

211 2389 276 2439 tate
293 2395 352 2438 cor
366 2378 566 2455 deprimens,
588 2387 705 2437 cuncta
726 2394 826 2437 onera
847 2378 969 2453 patien-

211 2476 341 2536 tissime
363 2475 396 2534 in
419 2476 552 2536 caritate
576 2476 715 2536 ferebat:
737 2486 769 2536 et
784 2476 876 2552 quasi
898 2486 970 2553 post

212 2575 297 2632 hanc
327 2572 425 2631 vitam
458 2573 679 2650 purgatorium
711 2591 847 2650 passura
882 2585 970 2634 esset

211 2670 357 2731 timebat.
399 2669 532 2730 Tantam
573 2682 680 2731 autem
716 2671 849 2747 gratiam
886 2672 1005 2747 apudao

215 2771 323 2829 Deum
368 2769 566 2844 promeruit:
602 2768 688 2845 quod
725 2768 827 2829 sancti
864 2770 969 2846 angeli

211 2866 354 2942 vestigia
382 2883 494 2926 eorum
525 2866 755 2941 numerabant,
786 2866 841 2943 qui
873 2884 970 2926 causa

212 2964 401 3025 devotionis
424 2964 526 3040 ipsam
549 2963 732 3024 visitabant.
764 2963 971 3040 Quapropter

211 3062 445 3122 consolabatur
466 3079 503 3122 se
526 3062 711 3137 visitantes,
733 3062 787 3139 qui
811 3079 971 3122 nonnum-

210 3179 313 3239 quam
343 3178 383 3220 ex
411 3160 538 3221 itineris
570 3161 761 3221 lassitudine
793 3177 1007 3236 conquere-zs

209 3263 348 3334 bantur3
370 3269 531 3335 quatenus
554 3259 594 3319 de
616 3276 676 3318 sua
699 3258 884 3334 fatigatione
906 3275 971 3318 non

209 3358 381 3418 dolerent:
396 3356 473 3433 quia
484 3358 574 3417 Deus
590 3357 639 3417 eis
654 3357 833 3433 praemium
850 3357 970 3414 bonum

209 3473 274 3533 pro
298 3454 409 3514 labore
432 3455 591 3515 redderet.

568 3622 621 3676 22

575 3853 616 3894 m
