2692 4659
309 693 471 749 mm
498 694 661 736 saumones
676 694 717 737 an
732 693 882 737 novicios
907 695 1069 747 ωωωω

591 843 793 892 EXEMPLVM.

311 922 518 1143 &Ram
546 979 677 1057 quidam
705 978 790 1039 infra
819 979 993 1040 matutinas
1015 997 1068 1056 pa-

439 1096 510 1139 rum
538 1078 645 1155 coepit
668 1078 853 1139 dormitare.
897 1078 994 1155 Quod
1024 1087 1068 1139 at·

310 1176 450 1238 tendens
482 1176 581 1237 frater
610 1175 758 1253 proxime
793 1175 855 1236 sibi
891 1175 1070 1236 assistens:

288 1274 447 1337 ssilenter
478 1275 611 1334 auribus
640 1274 713 1334 eius
744 1275 806 1333 hoc
835 1275 971 1333 verbum
1002 1282 1070 1333 tan·

310 1382 378 1431 tum
401 1371 547 1448 ingessit.
580 1373 743 1433 lnlemus.
775 1373 850 1450 Quo
873 1371 992 1445 audito,
1014 1370 1070 1429 ille

311 1469 418 1529 subito
441 1469 633 1545 perterritus
655 1480 688 1530 et
709 1470 972 1546 expergefactus:
1003 1485 1071 1527 om-

311 1584 386 1627 nem
409 1575 572 1644 torporem
595 1585 614 1627 a
635 1584 672 1627 se
694 1567 822 1627 abiecit.
859 1566 976 1643 Cogita
992 1582 1069 1642 ergo

311 1665 402 1742 piger
433 1665 472 1725 de
501 1665 645 1725 inferno:
675 1675 707 1725 et
728 1682 794 1725 non
824 1663 1014 1725 dormitabis
1035 1663 1070 1723 in

277 1786 302 1827 ro
312 1763 411 1823 choro
434 1763 542 1822 lassus
564 1779 641 1838 prae
664 1761 781 1822 taedio.

632 1937 750 1987 ALIVD.

424 2073 488 2133 lius
514 2091 644 2150 quoque
667 2074 768 2134 frater
795 2092 908 2151 parum
935 2083 1071 2134 cantans

335 2168 408 2194 '
444 2190 518 2232 cum
546 2189 660 2232 vocem
686 2173 759 2233 eius
787 2181 897 2232 astans
926 2189 991 2231 non
1015 2189 1070 2232 au-

312 2270 411 2331 diret:
440 2270 559 2331 obiecit
581 2270 610 2330 ei
634 2271 721 2347 quod
750 2280 826 2331 tunc
855 2269 1014 2346 temporis
1036 2269 1071 2329 in

278 2368 480 2433 ismatutinis
515 2369 712 2429 cantabatur.
769 2368 882 2429 Simon
919 2366 1071 2427 dormis?

312 2464 355 2526 At
376 2466 431 2526 ille
454 2475 637 2526 commotus
659 2482 699 2525 ex
721 2465 830 2525 verbis
853 2464 925 2524 istis
956 2465 1071 2540 depre-

312 2563 425 2623 hendit
447 2581 483 2623 se
505 2574 650 2625 notatum
673 2563 707 2623 in
730 2580 864 2639 sopore:
887 2572 918 2623 et
940 2562 1072 2639 expavit

312 2661 541 2721 admonentem
564 2678 641 2738 prae
664 2672 798 2737 stupore
821 2671 853 2720 et
874 2661 1009 2738 pudore.

633 2845 751 2893 ALIVD.

277 2924 470 3139 affluit
499 2981 629 3057 quidam
660 2982 759 3041 frater
783 2980 815 3039 in
841 2980 955 3040 ordine
978 2997 1072 3057 regu·

443 3078 558 3139 larium
576 3081 646 3139 Deo
667 3080 806 3139 devotus
828 3087 859 3139 et
880 3079 965 3138 bene
988 3078 1072 3139 litte·

314 3185 418 3237 ratus:
441 3176 618 3237 artificialis
634 3184 756 3251 cantor,
772 3185 803 3236 et
819 3175 948 3236 divinae
964 3176 1072 3236 lauda·

313 3274 412 3334 tionis
443 3283 567 3335 amator
602 3275 779 3335 studiosus,
833 3273 896 3333 Hic
932 3274 1071 3351 quadam

314 3372 386 3432 vice
417 3373 609 3449 loquebatur
640 3389 714 3432 cum
746 3372 809 3432 alio
842 3372 941 3433 fratre
970 3372 1074 3432 socia·

277 3469 389 3535 zsliter
410 3470 449 3530 de
472 3470 645 3530 dulcedine
676 3469 777 3529 divini
810 3478 942 3529 cantus:
970 3476 1003 3528 et
1032 3469 1073 3528 de

315 3567 466 3627 sollemni
496 3567 605 3627 officio
635 3567 722 3644 quod
752 3567 786 3627 lit
813 3566 847 3626 in
876 3566 1018 3626 ecclesia
1039 3566 1074 3626 in

314 3665 499 3741 praecipuis
515 3665 618 3725 lestis.
651 3663 740 3724 Dixit
755 3681 832 3741 ergo
854 3664 883 3724 ei
907 3682 965 3742 pro
988 3664 1074 3725 aedi·

315 3762 465 3823 ficatione
502 3761 803 3839 pusillanimitatem
841 3762 913 3822 eius
945 3763 1074 3823 conlor-

682 3867 710 3908 so
