2692 4659
314 682 476 735 mm
493 681 560 723 VITA
577 682 741 725 LIDEWIGIS
755 682 895 725 VIRG'INIS
912 683 1063 737 Q&

317 886 373 945 DE
388 886 586 949 MACVLIS
604 887 722 964 Qvns
739 887 1001 949 CONTRAXIT
1016 887 1063 947 EX

401 983 644 1046 CONTACTV
667 985 987 1047 IMMVNDORVM

578 1083 811 1145 HOMINVM.

544 1249 750 1299 CAPITVLVM
768 1250 845 1300 XXX.

292 1344 548 1562 εᾘίὶορῐετ
565 1403 776 1464 fortissimam
793 1404 985 1480 passionum
1001 1422 1063 1464 sua·

322 1494 339 1553 l
446 1519 517 1561 rum
549 1502 772 1577 tolerantiam,
803 1512 836 1563 et
861 1502 1063 1588 ¹frequentem

315 1615 389 1657 cum
412 1599 536 1676 angelis
560 1599 810 1660 familiaritatem
826 1609 925 1677 atque
938 1601 981 1682 ‘in
1003 1617 1064 1660 cae·

316 1695 453 1756 lestibus
478 1698 780 1773 conversationem,
809 1699 890 1758 haec
919 1698 1012 1776 virgo
1032 1696 1064 1756 ad

315 1803 435 1854 tantam
458 1805 652 1871 pervenerat
674 1795 865 1871 puritatem:
894 1805 930 1856 ut
958 1797 998 1856 ab
1016 1796 1064 1855 in-

282 1905 306 1946 ro
316 1891 422 1968 dignis
438 1902 469 1952 et
484 1893 662 1954 immundis
678 1893 867 1953 hominibus
882 1910 942 1970 per
956 1909 1066 1954 manus

315 1999 431 2049 attacta
453 1991 559 2051 adhuc
581 1991 699 2051 vivens
727 2007 975 2067 nonnumquam
998 1990 1066 2051 visi·

315 2086 1066 2167 bilitermaculascontraheret3quarumnigre·

316 2183 410 2245 dines
426 2204 484 2261 per
498 2188 632 2246 biduum
648 2186 701 2245 vel
716 2186 858 2246 triduum
871 2186 905 2245 in
922 2188 1066 2247 manibus

316 2281 388 2341 eius
407 2293 650 2344 remanserunt:
673 2300 757 2360 quae
772 2284 863 2359 prius
879 2284 913 2343 in
929 2301 968 2344 ea
982 2285 1066 2344 visae

282 2396 380 2439 rsnon
411 2381 552 2441 fuerunt.
602 2382 656 2441 Sic
686 2391 717 2441 et
746 2392 819 2457 post
847 2382 972 2441 obitum
1002 2383 1067 2442 eius

315 2476 422 2536 simile
442 2480 518 2554 quid
535 2480 661 2540 accidit.
692 2480 775 2540 Nam
792 2497 866 2539 cum
883 2480 986 2541 facies
1002 2482 1067 2541 eius

315 2585 387 2649 post
417 2588 553 2637 mortem
584 2578 689 2654 ipsius
718 2588 805 2638 tanto
835 2578 1011 2653 splendore
1038 2586 1068 2636 ut

315 2673 435 2734 dictum
468 2686 518 2735 est
550 2677 706 2736 radiaret:
743 2676 883 2736 accessit
914 2676 1067 2754 quaedam

315 2783 461 2832 matrona
483 2791 556 2833 cum
580 2775 663 2850 aliis,
686 2774 882 2835 visitationis
902 2775 1021 2851 gratia3
1041 2783 1068 2831 et

277 2870 455 2929 aoorarium
493 2889 588 2932 suum
625 2874 712 2950 quod
748 2872 899 2933 manibus
933 2874 1069 2942 tenebat,

313 2984 413 3041 super
435 2968 551 3029 faciem
575 2971 647 3030 eius
669 2989 709 3031 ex
725 2971 900 3031 devotione
916 2970 1003 3031 sicut
1017 2988 1068 3047 pu·

312 3065 398 3124 tabat
420 3066 651 3129 circumduxit:
681 3071 855 3146 statimque
885 3068 989 3129 facies
1011 3068 1067 3129 vir·

312 3161 429 3235 ginalis
451 3181 490 3223 ex
514 3165 569 3224 illo
586 3176 748 3241 contactu,
770 3167 962 3227 successive
985 3177 1067 3226 nota·

312 3260 420 3319 biliter
449 3273 499 3322 est
527 3264 709 3324 obscurata.
759 3263 970 3340 Quapropter
998 3278 1065 3324 cum

276 3376 432 3434 ascorpus
454 3361 526 3419 eius
548 3361 581 3420 in
597 3362 738 3421 ecclesia
760 3362 903 3438 positum
920 3372 1019 3438 esset,
1039 3370 1067 3420 et

313 3458 442 3533 quidam
455 3460 493 3518 ad
505 3470 672 3535 aspectum
684 3461 858 3521 astantium
869 3463 1066 3539 postularent

313 3558 392 3617 illud
413 3558 613 3619 manifestari
638 3569 670 3619 et
686 3559 843 3620 scrinium
860 3559 922 3619 sibi
938 3556 1064 3638 aperiri3

313 3655 412 3714 ceteri
435 3656 490 3731 qui
513 3657 702 3716 huiusmodi
729 3657 993 3718 obscurationem
1014 3673 1064 3717 no·

313 3765 442 3826 verant,
470 3756 604 3814 omnino
627 3757 690 3814 hoc
717 3754 786 3815 lieri
816 3756 1063 3832 prohibuerunt:

664 3860 713 3901 no
