<?xml version="1.0" encoding="UTF-8"?>
<!DOCTYPE html PUBLIC "-//W3C//DTD XHTML 1.0 Transitional//EN"
    "http://www.w3.org/TR/xhtml1/DTD/xhtml1-transitional.dtd">
<html xmlns="http://www.w3.org/1999/xhtml" xml:lang="en" lang="en">
 <head>
  <title>
</title>
<meta http-equiv="Content-Type" content="text/html;charset=utf-8" />
  <meta name='ocr-system' content='tesseract 3.04.00' />
  <meta name='ocr-capabilities' content='ocr_page ocr_carea ocr_par ocr_line ocrx_word'/>
</head>
<body>
  <div class='ocr_page' id='page_1' title='image "./thomaehemerkena00pohlgoog_0047.png"; bbox 0 0 2692 4659; ppageno 0'>
   <div class='ocr_carea' id='block_1_1' title="bbox 234 820 1031 3736">
    <p class='ocr_par' dir='ltr' id='par_1_1' title="bbox 234 820 1031 2451">
     <span class='ocr_line' id='line_1_1' title="bbox 241 820 995 883; baseline -0.003 -1"><span class='ocrx_word' id='word_1_1' title='bbox 241 820 366 883; x_wconf 86' lang='lat' dir='ltr'><strong>Christi</strong></span> <span class='ocrx_word' id='word_1_2' title='bbox 403 822 592 882; x_wconf 88' lang='lat' dir='ltr'><strong>hortabatur</strong></span> <span class='ocrx_word' id='word_1_3' title='bbox 630 821 754 882; x_wconf 77' lang='lat' dir='ltr'>dicens,</span> <span class='ocrx_word' id='word_1_4' title='bbox 812 822 995 882; x_wconf 88' lang='lat' dir='ltr'>imitatores</span> 
     </span>
     <span class='ocr_line' id='line_1_2' title="bbox 240 917 994 995; baseline -0.001 -16"><span class='ocrx_word' id='word_1_5' title='bbox 240 920 302 980; x_wconf 91' lang='lat' dir='ltr'>mei</span> <span class='ocrx_word' id='word_1_6' title='bbox 319 931 426 980; x_wconf 92' lang='lat' dir='ltr'>estote</span> <span class='ocrx_word' id='word_1_7' title='bbox 442 919 621 980; x_wconf 88' lang='lat' dir='ltr'>carissimi:</span> <span class='ocrx_word' id='word_1_8' title='bbox 637 920 724 980; x_wconf 90' lang='lat' dir='ltr'>sicut</span> <span class='ocrx_word' id='word_1_9' title='bbox 739 930 771 980; x_wconf 90' lang='lat' dir='ltr'>et</span> <span class='ocrx_word' id='word_1_10' title='bbox 786 935 845 995; x_wconf 84' lang='lat' dir='ltr'>ego</span> <span class='ocrx_word' id='word_1_11' title='bbox 858 917 994 980; x_wconf 87' lang='lat' dir='ltr'>Christi.</span> 
     </span>
     <span class='ocr_line' id='line_1_3' title="bbox 241 1017 994 1095; baseline -0.001 -18"><span class='ocrx_word' id='word_1_12' title='bbox 241 1018 288 1077; x_wconf 89' lang='lat' dir='ltr'>De</span> <span class='ocrx_word' id='word_1_13' title='bbox 304 1034 369 1095; x_wconf 92' lang='lat' dir='ltr'>quo</span> <span class='ocrx_word' id='word_1_14' title='bbox 385 1018 418 1077; x_wconf 94' lang='lat' dir='ltr'>in</span> <span class='ocrx_word' id='word_1_15' title='bbox 434 1017 572 1079; x_wconf 76' lang='lat' dir='ltr'>Actibus</span> <span class='ocrx_word' id='word_1_16' title='bbox 588 1018 809 1094; x_wconf 90' lang='lat' dir='ltr'>apostolorum</span> <span class='ocrx_word' id='word_1_17' title='bbox 825 1017 994 1078; x_wconf 87' lang='lat' dir='ltr'>scribitur:</span> 
     </span>
     <span class='ocr_line' id='line_1_4' title="bbox 240 1115 994 1192; baseline -0.003 -16"><span class='ocrx_word' id='word_1_18' title='bbox 240 1117 315 1192; x_wconf 88' lang='lat' dir='ltr'>quia</span> <span class='ocrx_word' id='word_1_19' title='bbox 330 1133 405 1176; x_wconf 93' lang='lat' dir='ltr'>cum</span> <span class='ocrx_word' id='word_1_20' title='bbox 423 1116 572 1175; x_wconf 89' lang='lat' dir='ltr'>Barnaba</span> <span class='ocrx_word' id='word_1_21' title='bbox 594 1115 633 1175; x_wconf 90' lang='lat' dir='ltr'>ad</span> <span class='ocrx_word' id='word_1_22' title='bbox 648 1115 902 1192; x_wconf 89' lang='lat' dir='ltr'>praedicandum</span> <span class='ocrx_word' id='word_1_23' title='bbox 917 1132 994 1191; x_wconf 89' lang='lat' dir='ltr'>gen-</span> 
     </span>
     <span class='ocr_line' id='line_1_5' title="bbox 239 1212 1017 1290; baseline -0.004 -16"><span class='ocrx_word' id='word_1_24' title='bbox 239 1214 325 1274; x_wconf 91' lang='lat' dir='ltr'>tibus</span> <span class='ocrx_word' id='word_1_25' title='bbox 347 1214 484 1274; x_wconf 95' lang='lat' dir='ltr'>verbum</span> <span class='ocrx_word' id='word_1_26' title='bbox 502 1212 563 1273; x_wconf 90' lang='lat' dir='ltr'>Dei</span> <span class='ocrx_word' id='word_1_27' title='bbox 585 1213 708 1274; x_wconf 90' lang='lat' dir='ltr'>missus</span> <span class='ocrx_word' id='word_1_28' title='bbox 731 1212 807 1273; x_wconf 85' lang='lat' dir='ltr'>luit:</span> <span class='ocrx_word' id='word_1_29' title='bbox 830 1224 861 1273; x_wconf 91' lang='lat' dir='ltr'>et</span> <span class='ocrx_word' id='word_1_30' title='bbox 882 1214 1017 1290; x_wconf 86' lang='lat' dir='ltr'>plures5</span> 
     </span>
     <span class='ocr_line' id='line_1_6' title="bbox 240 1311 994 1387; baseline 0.001 -17"><span class='ocrx_word' id='word_1_31' title='bbox 240 1312 276 1371; x_wconf 90' lang='lat' dir='ltr'>ad</span> <span class='ocrx_word' id='word_1_32' title='bbox 301 1311 399 1372; x_wconf 87' lang='lat' dir='ltr'>lidem</span> <span class='ocrx_word' id='word_1_33' title='bbox 416 1311 542 1374; x_wconf 83' lang='lat' dir='ltr'>Christi</span> <span class='ocrx_word' id='word_1_34' title='bbox 565 1311 736 1373; x_wconf 88' lang='lat' dir='ltr'>convertit.</span> <span class='ocrx_word' id='word_1_35' title='bbox 771 1312 850 1372; x_wconf 89' lang='lat' dir='ltr'>Post</span> <span class='ocrx_word' id='word_1_36' title='bbox 872 1311 994 1387; x_wconf 88' lang='lat' dir='ltr'>aliquot</span> 
     </span>
     <span class='ocr_line' id='line_1_7' title="bbox 239 1409 993 1485; baseline 0.001 -17"><span class='ocrx_word' id='word_1_37' title='bbox 239 1419 346 1469; x_wconf 89' lang='lat' dir='ltr'>autem</span> <span class='ocrx_word' id='word_1_38' title='bbox 377 1410 464 1485; x_wconf 86' lang='lat' dir='ltr'>dies,</span> <span class='ocrx_word' id='word_1_39' title='bbox 493 1410 572 1471; x_wconf 90' lang='lat' dir='ltr'>dixit</span> <span class='ocrx_word' id='word_1_40' title='bbox 601 1411 720 1471; x_wconf 90' lang='lat' dir='ltr'>iterum</span> <span class='ocrx_word' id='word_1_41' title='bbox 750 1410 788 1469; x_wconf 90' lang='lat' dir='ltr'>ad</span> <span class='ocrx_word' id='word_1_42' title='bbox 812 1409 993 1469; x_wconf 90' lang='lat' dir='ltr'>Bamabam</span> 
     </span>
     <span class='ocr_line' id='line_1_8' title="bbox 240 1506 993 1569; baseline 0.001 -3"><span class='ocrx_word' id='word_1_43' title='bbox 240 1506 372 1567; x_wconf 91' lang='lat' dir='ltr'>Paulus.</span> <span class='ocrx_word' id='word_1_44' title='bbox 418 1508 635 1569; x_wconf 85' lang='lat' dir='ltr'>Revertentes</span> <span class='ocrx_word' id='word_1_45' title='bbox 666 1508 840 1568; x_wconf 90' lang='lat' dir='ltr'>visitemus</span> <span class='ocrx_word' id='word_1_46' title='bbox 877 1508 993 1568; x_wconf 88' lang='lat' dir='ltr'>iratres</span> 
     </span>
     <span class='ocr_line' id='line_1_9' title="bbox 238 1605 993 1682; baseline 0 -17"><span class='ocrx_word' id='word_1_47' title='bbox 238 1622 296 1680; x_wconf 91' lang='lat' dir='ltr'>per</span> <span class='ocrx_word' id='word_1_48' title='bbox 319 1605 493 1666; x_wconf 89' lang='lat' dir='ltr'>universas</span> <span class='ocrx_word' id='word_1_49' title='bbox 522 1606 671 1667; x_wconf 90' lang='lat' dir='ltr'>civitates</span> <span class='ocrx_word' id='word_1_50' title='bbox 700 1606 733 1665; x_wconf 95' lang='lat' dir='ltr'>in</span> <span class='ocrx_word' id='word_1_51' title='bbox 762 1605 881 1682; x_wconf 92' lang='lat' dir='ltr'>quibus</span> <span class='ocrx_word' id='word_1_52' title='bbox 904 1623 993 1682; x_wconf 90' lang='lat' dir='ltr'>prae-</span> 
     </span>
     <span class='ocr_line' id='line_1_10' title="bbox 237 1701 1030 1780; baseline 0.001 -19"><span class='ocrx_word' id='word_1_53' title='bbox 237 1701 421 1762; x_wconf 86' lang='lat' dir='ltr'>dicavimus</span> <span class='ocrx_word' id='word_1_54' title='bbox 443 1704 579 1764; x_wconf 90' lang='lat' dir='ltr'>verbum</span> <span class='ocrx_word' id='word_1_55' title='bbox 603 1702 736 1764; x_wconf 90' lang='lat' dir='ltr'>Domini</span> <span class='ocrx_word' id='word_1_56' title='bbox 765 1704 928 1780; x_wconf 91' lang='lat' dir='ltr'>quomodo</span> <span class='ocrx_word' id='word_1_57' title='bbox 957 1720 1030 1763; x_wconf 84' lang='lat' dir='ltr'>sero</span> 
     </span>
     <span class='ocr_line' id='line_1_11' title="bbox 237 1801 995 1878; baseline 0.004 -20"><span class='ocrx_word' id='word_1_58' title='bbox 237 1801 396 1861; x_wconf 88' lang='lat' dir='ltr'>habeant:</span> <span class='ocrx_word' id='word_1_59' title='bbox 428 1811 538 1861; x_wconf 92' lang='lat' dir='ltr'>utrum</span> <span class='ocrx_word' id='word_1_60' title='bbox 569 1801 741 1878; x_wconf 89' lang='lat' dir='ltr'>proliciant</span> <span class='ocrx_word' id='word_1_61' title='bbox 771 1819 811 1861; x_wconf 89' lang='lat' dir='ltr'>an</span> <span class='ocrx_word' id='word_1_62' title='bbox 843 1802 995 1862; x_wconf 87' lang='lat' dir='ltr'>deficiant</span> 
     </span>
     <span class='ocr_line' id='line_1_12' title="bbox 237 1897 994 1976; baseline 0.003 -19"><span class='ocrx_word' id='word_1_63' title='bbox 237 1898 272 1957; x_wconf 92' lang='lat' dir='ltr'>in</span> <span class='ocrx_word' id='word_1_64' title='bbox 305 1897 403 1958; x_wconf 90' lang='lat' dir='ltr'>bonis</span> <span class='ocrx_word' id='word_1_65' title='bbox 438 1899 589 1976; x_wconf 79' lang='lat' dir='ltr'>inceptis</span> <span class='ocrx_word' id='word_1_66' title='bbox 632 1900 671 1960; x_wconf 91' lang='lat' dir='ltr'>Et</span> <span class='ocrx_word' id='word_1_67' title='bbox 702 1900 829 1960; x_wconf 90' lang='lat' dir='ltr'>iterum.</span> <span class='ocrx_word' id='word_1_68' title='bbox 874 1900 994 1959; x_wconf 88' lang='lat' dir='ltr'>Paulus</span> 
     </span>
     <span class='ocr_line' id='line_1_13' title="bbox 235 1996 995 2075; baseline 0 -20"><span class='ocrx_word' id='word_1_69' title='bbox 235 2011 318 2055; x_wconf 94' lang='lat' dir='ltr'>vero</span> <span class='ocrx_word' id='word_1_70' title='bbox 340 1997 445 2057; x_wconf 91' lang='lat' dir='ltr'>electo</span> <span class='ocrx_word' id='word_1_71' title='bbox 461 1997 539 2075; x_wconf 89' lang='lat' dir='ltr'>Syla</span> <span class='ocrx_word' id='word_1_72' title='bbox 559 2014 618 2074; x_wconf 94' lang='lat' dir='ltr'>pro</span> <span class='ocrx_word' id='word_1_73' title='bbox 640 1996 731 2056; x_wconf 92' lang='lat' dir='ltr'>socio</span> <span class='ocrx_word' id='word_1_74' title='bbox 754 1998 792 2057; x_wconf 98' lang='lat' dir='ltr'>ad</span> <span class='ocrx_word' id='word_1_75' title='bbox 808 1998 995 2073; x_wconf 90' lang='lat' dir='ltr'>praedican-</span> 
     </span>
     <span class='ocr_line' id='line_1_14' title="bbox 236 2094 996 2172; baseline 0.001 -19"><span class='ocrx_word' id='word_1_76' title='bbox 236 2094 316 2153; x_wconf 91' lang='lat' dir='ltr'>dum</span> <span class='ocrx_word' id='word_1_77' title='bbox 353 2094 491 2171; x_wconf 90' lang='lat' dir='ltr'>idoneo,</span> <span class='ocrx_word' id='word_1_78' title='bbox 526 2096 770 2172; x_wconf 88' lang='lat' dir='ltr'>perambulabat</span> <span class='ocrx_word' id='word_1_79' title='bbox 801 2094 928 2172; x_wconf 86' lang='lat' dir='ltr'>Syriam</span> <span class='ocrx_word' id='word_1_80' title='bbox 963 2105 996 2154; x_wconf 90' lang='lat' dir='ltr'>et</span> 
     </span>
     <span class='ocr_line' id='line_1_15' title="bbox 235 2192 1031 2269; baseline -0.004 -16"><span class='ocrx_word' id='word_1_81' title='bbox 235 2192 1031 2269; x_wconf 81' lang='lat' dir='ltr'>Ciliciamconfirmansecclesias:praecipiens15</span> 
     </span>
     <span class='ocr_line' id='line_1_16' title="bbox 234 2291 995 2369; baseline 0 -20"><span class='ocrx_word' id='word_1_82' title='bbox 234 2307 373 2350; x_wconf 89' lang='lat' dir='ltr'>servare</span> <span class='ocrx_word' id='word_1_83' title='bbox 396 2302 429 2351; x_wconf 91' lang='lat' dir='ltr'>et</span> <span class='ocrx_word' id='word_1_84' title='bbox 450 2292 615 2353; x_wconf 91' lang='lat' dir='ltr'>custodire</span> <span class='ocrx_word' id='word_1_85' title='bbox 637 2302 811 2369; x_wconf 90' lang='lat' dir='ltr'>praecepta</span> <span class='ocrx_word' id='word_1_86' title='bbox 834 2291 995 2367; x_wconf 91' lang='lat' dir='ltr'>apostolo-</span> 
     </span>
     <span class='ocr_line' id='line_1_17' title="bbox 234 2390 567 2451; baseline 0.012 -4"><span class='ocrx_word' id='word_1_87' title='bbox 234 2406 313 2448; x_wconf 92' lang='lat' dir='ltr'>rum</span> <span class='ocrx_word' id='word_1_88' title='bbox 336 2400 368 2449; x_wconf 88' lang='lat' dir='ltr'>et</span> <span class='ocrx_word' id='word_1_89' title='bbox 389 2390 567 2451; x_wconf 90' lang='lat' dir='ltr'>seniorum.</span> 
     </span>
    </p>

    <p class='ocr_par' dir='ltr' id='par_1_2' title="bbox 236 2485 1031 3736">
     <span class='ocr_line' id='line_1_18' title="bbox 281 2485 995 2548; baseline 0 -3"><span class='ocrx_word' id='word_1_90' title='bbox 281 2486 366 2546; x_wconf 87' lang='lat' dir='ltr'>Ecce</span> <span class='ocrx_word' id='word_1_91' title='bbox 396 2488 512 2548; x_wconf 87' lang='lat' dir='ltr'>iratres</span> <span class='ocrx_word' id='word_1_92' title='bbox 541 2488 604 2548; x_wconf 92' lang='lat' dir='ltr'>iam</span> <span class='ocrx_word' id='word_1_93' title='bbox 628 2488 729 2548; x_wconf 89' lang='lat' dir='ltr'>multa</span> <span class='ocrx_word' id='word_1_94' title='bbox 750 2488 835 2546; x_wconf 95' lang='lat' dir='ltr'>bona</span> <span class='ocrx_word' id='word_1_95' title='bbox 858 2485 995 2546; x_wconf 90' lang='lat' dir='ltr'>audistis</span> 
     </span>
     <span class='ocr_line' id='line_1_19' title="bbox 236 2584 995 2660; baseline 0 -17"><span class='ocrx_word' id='word_1_96' title='bbox 236 2601 338 2660; x_wconf 89' lang='lat' dir='ltr'>quam</span> <span class='ocrx_word' id='word_1_97' title='bbox 367 2585 498 2646; x_wconf 89' lang='lat' dir='ltr'>solliciti</span> <span class='ocrx_word' id='word_1_98' title='bbox 529 2586 661 2646; x_wconf 87' lang='lat' dir='ltr'>fuerunt</span> <span class='ocrx_word' id='word_1_99' title='bbox 690 2584 793 2645; x_wconf 91' lang='lat' dir='ltr'>sancti</span> <span class='ocrx_word' id='word_1_100' title='bbox 822 2584 883 2644; x_wconf 93' lang='lat' dir='ltr'>viri</span> <span class='ocrx_word' id='word_1_101' title='bbox 916 2594 995 2644; x_wconf 89' lang='lat' dir='ltr'>tern-</span> 
     </span>
     <span class='ocr_line' id='line_1_20' title="bbox 236 2681 1031 2760; baseline 0.004 -20"><span class='ocrx_word' id='word_1_102' title='bbox 236 2681 375 2757; x_wconf 92' lang='lat' dir='ltr'>poribus</span> <span class='ocrx_word' id='word_1_103' title='bbox 398 2684 484 2760; x_wconf 90' lang='lat' dir='ltr'>suis,</span> <span class='ocrx_word' id='word_1_104' title='bbox 513 2684 631 2744; x_wconf 90' lang='lat' dir='ltr'>docere</span> <span class='ocrx_word' id='word_1_105' title='bbox 654 2682 739 2743; x_wconf 86' lang='lat' dir='ltr'>filios</span> <span class='ocrx_word' id='word_1_106' title='bbox 762 2700 840 2742; x_wconf 92' lang='lat' dir='ltr'>suos</span> <span class='ocrx_word' id='word_1_107' title='bbox 863 2692 894 2742; x_wconf 89' lang='lat' dir='ltr'>et</span> <span class='ocrx_word' id='word_1_108' title='bbox 920 2681 1031 2743; x_wconf 86' lang='lat' dir='ltr'>sub-20</span> 
     </span>
     <span class='ocr_line' id='line_1_21' title="bbox 237 2780 994 2856; baseline 0.003 -17"><span class='ocrx_word' id='word_1_109' title='bbox 237 2780 326 2840; x_wconf 96' lang='lat' dir='ltr'>ditos</span> <span class='ocrx_word' id='word_1_110' title='bbox 348 2790 382 2840; x_wconf 92' lang='lat' dir='ltr'>ut</span> <span class='ocrx_word' id='word_1_111' title='bbox 404 2782 607 2842; x_wconf 88' lang='lat' dir='ltr'>ambularent</span> <span class='ocrx_word' id='word_1_112' title='bbox 634 2782 667 2842; x_wconf 95' lang='lat' dir='ltr'>in</span> <span class='ocrx_word' id='word_1_113' title='bbox 695 2780 797 2841; x_wconf 90' lang='lat' dir='ltr'>sacris</span> <span class='ocrx_word' id='word_1_114' title='bbox 820 2780 881 2840; x_wconf 89' lang='lat' dir='ltr'>Dei</span> <span class='ocrx_word' id='word_1_115' title='bbox 905 2798 994 2856; x_wconf 88' lang='lat' dir='ltr'>prae-</span> 
     </span>
     <span class='ocr_line' id='line_1_22' title="bbox 238 2877 994 2956; baseline 0.001 -19"><span class='ocrx_word' id='word_1_116' title='bbox 238 2877 362 2953; x_wconf 82' lang='lat' dir='ltr'>ceptis3</span> <span class='ocrx_word' id='word_1_117' title='bbox 386 2895 481 2956; x_wconf 90' lang='lat' dir='ltr'>quam</span> <span class='ocrx_word' id='word_1_118' title='bbox 504 2890 635 2940; x_wconf 89' lang='lat' dir='ltr'>sanctae</span> <span class='ocrx_word' id='word_1_119' title='bbox 658 2878 918 2938; x_wconf 91' lang='lat' dir='ltr'>conversationis</span> <span class='ocrx_word' id='word_1_120' title='bbox 941 2895 994 2938; x_wconf 87' lang='lat' dir='ltr'>ex·</span> 
     </span>
     <span class='ocr_line' id='line_1_23' title="bbox 238 2976 995 3053; baseline 0 -18"><span class='ocrx_word' id='word_1_121' title='bbox 238 2976 348 3052; x_wconf 93' lang='lat' dir='ltr'>empla</span> <span class='ocrx_word' id='word_1_122' title='bbox 376 2976 472 3036; x_wconf 89' lang='lat' dir='ltr'>ctiam</span> <span class='ocrx_word' id='word_1_123' title='bbox 504 2977 708 3053; x_wconf 90' lang='lat' dir='ltr'>reliquerunt</span> <span class='ocrx_word' id='word_1_124' title='bbox 735 2976 876 3052; x_wconf 89' lang='lat' dir='ltr'>posteris</span> <span class='ocrx_word' id='word_1_125' title='bbox 908 2976 995 3035; x_wconf 91' lang='lat' dir='ltr'>suis:</span> 
     </span>
     <span class='ocr_line' id='line_1_24' title="bbox 238 3073 994 3151; baseline -0.001 -18"><span class='ocrx_word' id='word_1_126' title='bbox 238 3091 324 3151; x_wconf 88' lang='lat' dir='ltr'>quae</span> <span class='ocrx_word' id='word_1_127' title='bbox 350 3073 413 3150; x_wconf 90' lang='lat' dir='ltr'>ipsi</span> <span class='ocrx_word' id='word_1_128' title='bbox 435 3074 526 3150; x_wconf 89' lang='lat' dir='ltr'>prius</span> <span class='ocrx_word' id='word_1_129' title='bbox 548 3093 566 3134; x_wconf 90' lang='lat' dir='ltr'>a</span> <span class='ocrx_word' id='word_1_130' title='bbox 587 3074 733 3151; x_wconf 91' lang='lat' dir='ltr'>patribus</span> <span class='ocrx_word' id='word_1_131' title='bbox 756 3084 787 3134; x_wconf 89' lang='lat' dir='ltr'>et</span> <span class='ocrx_word' id='word_1_132' title='bbox 809 3074 994 3134; x_wconf 91' lang='lat' dir='ltr'>senioribus</span> 
     </span>
     <span class='ocr_line' id='line_1_25' title="bbox 239 3171 1030 3249; baseline 0.001 -18"><span class='ocrx_word' id='word_1_133' title='bbox 239 3172 432 3249; x_wconf 83' lang='lat' dir='ltr'>frequenter</span> <span class='ocrx_word' id='word_1_134' title='bbox 454 3172 627 3233; x_wconf 90' lang='lat' dir='ltr'>audierunt</span> <span class='ocrx_word' id='word_1_135' title='bbox 650 3182 682 3232; x_wconf 91' lang='lat' dir='ltr'>et</span> <span class='ocrx_word' id='word_1_136' title='bbox 705 3171 897 3232; x_wconf 91' lang='lat' dir='ltr'>didicerunt.</span> <span class='ocrx_word' id='word_1_137' title='bbox 940 3171 1030 3232; x_wconf 81' lang='lat' dir='ltr'>Siczs</span> 
     </span>
     <span class='ocr_line' id='line_1_26' title="bbox 238 3269 994 3346; baseline 0 -17"><span class='ocrx_word' id='word_1_138' title='bbox 238 3286 317 3346; x_wconf 88' lang='lat' dir='ltr'>ergo</span> <span class='ocrx_word' id='word_1_139' title='bbox 340 3280 372 3329; x_wconf 88' lang='lat' dir='ltr'>et</span> <span class='ocrx_word' id='word_1_140' title='bbox 394 3286 453 3329; x_wconf 93' lang='lat' dir='ltr'>vos</span> <span class='ocrx_word' id='word_1_141' title='bbox 476 3269 635 3330; x_wconf 92' lang='lat' dir='ltr'>carissimi</span> <span class='ocrx_word' id='word_1_142' title='bbox 659 3280 822 3344; x_wconf 86' lang='lat' dir='ltr'>tamquam</span> <span class='ocrx_word' id='word_1_143' title='bbox 845 3271 994 3329; x_wconf 89' lang='lat' dir='ltr'>novellae</span> 
     </span>
     <span class='ocr_line' id='line_1_27' title="bbox 238 3367 993 3443; baseline 0 -16"><span class='ocrx_word' id='word_1_144' title='bbox 238 3367 399 3427; x_wconf 88' lang='lat' dir='ltr'>olivarum</span> <span class='ocrx_word' id='word_1_145' title='bbox 422 3368 553 3443; x_wconf 92' lang='lat' dir='ltr'>plantati</span> <span class='ocrx_word' id='word_1_146' title='bbox 577 3368 610 3428; x_wconf 95' lang='lat' dir='ltr'>in</span> <span class='ocrx_word' id='word_1_147' title='bbox 633 3369 729 3428; x_wconf 95' lang='lat' dir='ltr'>domo</span> <span class='ocrx_word' id='word_1_148' title='bbox 746 3367 889 3442; x_wconf 87' lang='lat' dir='ltr'>Domini,</span> <span class='ocrx_word' id='word_1_149' title='bbox 912 3377 993 3427; x_wconf 91' lang='lat' dir='ltr'>state</span> 
     </span>
     <span class='ocr_line' id='line_1_28' title="bbox 238 3464 994 3543; baseline 0.001 -19"><span class='ocrx_word' id='word_1_150' title='bbox 238 3465 272 3525; x_wconf 93' lang='lat' dir='ltr'>in</span> <span class='ocrx_word' id='word_1_151' title='bbox 305 3464 512 3525; x_wconf 89' lang='lat' dir='ltr'>oboedientia</span> <span class='ocrx_word' id='word_1_152' title='bbox 542 3476 575 3525; x_wconf 90' lang='lat' dir='ltr'>et</span> <span class='ocrx_word' id='word_1_153' title='bbox 605 3465 778 3541; x_wconf 89' lang='lat' dir='ltr'>disciplina</span> <span class='ocrx_word' id='word_1_154' title='bbox 813 3466 994 3543; x_wconf 84' lang='lat' dir='ltr'>claustrali3</span> 
     </span>
     <span class='ocr_line' id='line_1_29' title="bbox 237 3561 994 3623; baseline -0.001 -1"><span class='ocrx_word' id='word_1_155' title='bbox 237 3572 350 3622; x_wconf 90' lang='lat' dir='ltr'>tenete</span> <span class='ocrx_word' id='word_1_156' title='bbox 381 3561 573 3622; x_wconf 90' lang='lat' dir='ltr'>traditiones</span> <span class='ocrx_word' id='word_1_157' title='bbox 609 3562 776 3622; x_wconf 89' lang='lat' dir='ltr'>seniorum</span> <span class='ocrx_word' id='word_1_158' title='bbox 809 3573 840 3623; x_wconf 88' lang='lat' dir='ltr'>et</span> <span class='ocrx_word' id='word_1_159' title='bbox 876 3572 994 3623; x_wconf 91' lang='lat' dir='ltr'>statuta</span> 
     </span>
     <span class='ocr_line' id='line_1_30' title="bbox 236 3659 1029 3736; baseline 0 -16"><span class='ocrx_word' id='word_1_160' title='bbox 236 3659 402 3736; x_wconf 88' lang='lat' dir='ltr'>generalis</span> <span class='ocrx_word' id='word_1_161' title='bbox 432 3659 581 3735; x_wconf 90' lang='lat' dir='ltr'>capituli:</span> <span class='ocrx_word' id='word_1_162' title='bbox 610 3677 668 3735; x_wconf 91' lang='lat' dir='ltr'>per</span> <span class='ocrx_word' id='word_1_163' title='bbox 696 3660 885 3720; x_wconf 86' lang='lat' dir='ltr'>definitores</span> <span class='ocrx_word' id='word_1_164' title='bbox 910 3660 1029 3720; x_wconf 78' lang='lat' dir='ltr'>ordi-ao</span> 
     </span>
    </p>
   </div>
   <div class='ocr_carea' id='block_1_2' title="bbox 237 3756 992 3903">
    <p class='ocr_par' dir='ltr' id='par_1_3' title="bbox 237 3756 992 3903">
     <span class='ocr_line' id='line_1_31' title="bbox 237 3756 992 3834; baseline -0.001 -16"><span class='ocrx_word' id='word_1_165' title='bbox 237 3769 312 3819; x_wconf 87' lang='lat' dir='ltr'>nata</span> <span class='ocrx_word' id='word_1_166' title='bbox 327 3756 666 3833; x_wconf 72' lang='lat' dir='ltr'>divina“ihspiratione</span> <span class='ocrx_word' id='word_1_167' title='bbox 682 3776 739 3834; x_wconf 93' lang='lat' dir='ltr'>pro</span> <span class='ocrx_word' id='word_1_168' title='bbox 755 3760 860 3818; x_wconf 90' lang='lat' dir='ltr'>salute</span> <span class='ocrx_word' id='word_1_169' title='bbox 876 3768 992 3818; x_wconf 86' lang='lat' dir='ltr'>vestra.</span> 
     </span>
     <span class='ocr_line' id='line_1_32' title="bbox 603 3864 628 3903; baseline 0 0"><span class='ocrx_word' id='word_1_170' title='bbox 603 3864 628 3903; x_wconf 67' lang='grc' dir='ltr'>ει</span> 
     </span>
    </p>
   </div>
   <div class='ocr_carea' id='block_1_3' title="bbox 0 0 1350 4659">
    <p class='ocr_par' dir='ltr' id='par_1_4' title="bbox 0 0 1350 4659">
     <span class='ocr_line' id='line_1_33' title="bbox 0 0 1350 4659; baseline 0 1"><span class='ocrx_word' id='word_1_171' title='bbox 0 0 1350 4659; x_wconf 95' lang='lat' dir='ltr'> </span> 
     </span>
    </p>
   </div>
  </div>
 </body>
</html>
