2692 4659
364 677 525 729 m
553 676 715 719 SERMONES
730 677 770 718 AD
787 676 935 719 NOVlCIOS
961 676 1120 729 mm

367 811 507 871 fructum
529 810 645 887 optulit
673 810 873 871 odoriferum
895 811 929 871 in
951 810 1120 887 patientia:
1163 808 1165 832 ³

366 918 397 968 et
416 907 641 968 abundantiori
658 908 787 968 divinae
803 908 985 969 dulcedinis
1001 907 1120 969 solacio
1164 921 1165 924 ’

365 1006 602 1066 iucundissime
633 1015 684 1066 est
715 1006 846 1067 relecta.
894 1005 1120 1067 Fortissimum

365 1103 516 1163 invenies
545 1113 576 1163 et
603 1113 638 1164 tu
665 1103 839 1163 solacium:
868 1103 896 1163 si
919 1103 1046 1163 Mariae
1068 1119 1121 1162 no·

342 1217 441 1261 smen
463 1200 643 1278 gestaveris
666 1200 755 1261 cordi
778 1211 833 1261 tuo
855 1201 1024 1262 insertum.
1061 1202 1122 1260 Ha·

365 1300 458 1359 bebis
481 1299 601 1359 etenim
624 1299 725 1359 multa
746 1300 848 1359 bona:
870 1299 897 1359 si
920 1300 1004 1359 bene
1021 1299 1122 1359 fueris

366 1415 440 1457 cum
477 1398 591 1457 Maria.
645 1397 786 1457 Dilectio
821 1408 952 1459 sanctae
989 1398 1123 1470 Mariae,

366 1495 499 1571 expellit
520 1512 651 1556 omnem
682 1505 807 1555 aestum
836 1494 974 1555 carnalis
1006 1511 1123 1554 concu-

366 1593 562 1669 piscentiae:
597 1605 630 1654 et
661 1593 758 1653 donat
790 1593 996 1670 refrigerium
1030 1592 1123 1652 casti-

333 1692 505 1753 romoniae.
557 1691 697 1752 Dilectio
729 1701 860 1752 sanctae
892 1690 1017 1750 Mariae
1049 1690 1123 1750 facit

366 1790 522 1849 mundum
546 1801 775 1852 contemnere:
798 1800 830 1851 et
852 1789 987 1851 Christo
1010 1789 1043 1848 in
1066 1790 1123 1848 hu·

366 1887 501 1947 militate
532 1889 668 1949 servire.
721 1888 863 1949 Dilectio
893 1897 1024 1947 sanctae
1056 1887 1122 1946 Illa·

367 1985 444 2061 riae,
466 1986 505 2045 ab
527 1987 615 2047 omni
638 1988 722 2047 mala
751 1988 907 2047 societate
936 1995 1122 2047 conservat:

367 2093 398 2143 et
420 2084 459 2144 ad
482 2085 653 2163 religiosae
668 2084 929 2146 conversationis
950 2083 1120 2161 puritatem
1154 2103 1157 2148 l

332 2181 530 2242 isiniormat.
573 2182 681 2259 Dilige
704 2200 780 2259 ergo
802 2192 946 2242 sanctam
970 2181 1121 2241 Mariam:
1156 2207 1158 2212 v

367 2289 398 2339 et
420 2280 582 2355 percipies
611 2280 786 2355 specialem
816 2280 960 2356 gratiam.
1005 2280 1122 2339 Invoca

367 2378 522 2437 Mariam:
544 2388 576 2438 et
598 2377 760 2438 obtinebis
775 2378 953 2438 victoriam.
990 2377 1123 2437 Honora

368 2476 522 2535 Mariam:
538 2486 569 2536 et
580 2474 715 2535 babebis
727 2476 912 2535 mercedem
923 2485 1122 2550 perpetuam.

369 2574 441 2634 Duo
464 2573 590 2633 confert
605 2572 779 2648 praecipue
794 2573 895 2633 bona:
917 2580 1029 2631 sancta
1049 2587 1122 2631 con·

331 2671 508 2731 aoversatio
532 2671 656 2730 Mariae
679 2670 717 2729 ad
740 2670 930 2730 memoriam
954 2686 1053 2745 saepe
1076 2686 1122 2728 re·

368 2770 474 2831 ducta.
504 2770 540 2829 ln
557 2768 652 2830 bonis
667 2768 762 2827 docet
778 2777 809 2827 te
830 2768 936 2827 Deum
953 2784 993 2828 ex
1010 2765 1123 2826 intimo

368 2867 466 2927 corde
489 2867 636 2926 laudare:
665 2875 697 2925 et
719 2865 751 2925 in
775 2865 922 2925 adversis
948 2867 1123 2941 patientem

368 2980 570 3039 permanere.
594 2965 667 3040 lpsa
678 2963 750 3023 sine
761 2963 1006 3024 intermissione
1019 2965 1125 3024 Deum

368 3078 426 3135 pro
448 3061 591 3136 acceptis
607 3060 777 3120 beneficiis
793 3060 952 3120 altissime
968 3061 1125 3120 laudavit:

332 3174 452 3233 2squae
474 3158 512 3216 ab
535 3157 606 3233 ipso
626 3157 746 3218 ceteris
761 3157 976 3218 excellentius
991 3158 1127 3234 accepit.

370 3255 442 3329 Ipsa
474 3254 506 3314 in
538 3255 702 3330 pressuris
734 3255 832 3314 huius
861 3255 983 3315 saeculi
1014 3256 1126 3315 mitem

369 3370 405 3412 se
421 3368 552 3429 semper
567 3352 727 3412 exhibuit:
743 3362 775 3413 et
790 3352 1047 3428 contemptibilia
1063 3371 1128 3413 ma·

368 3451 417 3526 gis
440 3468 535 3528 quam
559 3467 714 3527 prospera
736 3451 843 3527 elegit.
882 3450 1016 3510 Nullum
1039 3451 1126 3512 diem

370 3549 441 3608 sine
463 3549 575 3609 dolore
597 3548 741 3609 transiit:
763 3565 824 3608 nec
846 3557 954 3608 tamen
973 3548 1046 3609 sine
1063 3568 1129 3610 ma-

332 3664 431 3724 aogna
468 3649 692 3709 consolatione
728 3648 814 3708 inter
848 3649 1015 3724 angustias
1059 3649 1129 3709 luit.

371 3746 488 3807 Omnis
528 3747 648 3824 quippe
691 3746 854 3806 tribulatio
896 3763 954 3822 pro
991 3746 1129 3808 Christo

726 3850 767 3891 224
