2692 4659
256 700 380 753 &Bm
419 700 565 743 CAPlTVLA
580 701 739 744 SECVNDAE
755 700 860 743 PARTIS
897 701 1017 754 &Q

256 831 291 873 De
310 834 451 885 apparitione
470 842 490 874 et
507 835 633 885 cognitione
651 834 762 886 angelicae
782 834 889 876 claritatis

310 904 433 945 circaeam
436 934 888 947 ..............
945 904 1008 947 Xllll

257 971 290 1014 De
306 975 404 1016 mirabili
416 975 482 1016 modo
497 977 596 1018 internae
606 978 765 1017 commotionis
781 985 830 1017 ante
841 988 889 1029 rap·

311 1053 358 1086 turn
374 1047 471 1098 spiritus
486 1047 536 1089 elus
557 1078 886 1089 ..........
972 1046 1017 1088 XV·

258 1112 291 1155 Dc
305 1117 388 1168 spiritu
400 1118 529 1170 prophetiae
544 1121 594 1161 eius
604 1132 649 1172 quo
663 1120 733 1161 multa
742 1127 827 1161 secreta
837 1120 888 1160 aliis
1025 1124 1039 1163 5

311 1189 417 1230 revelavit
420 1220 888 1232 ..............

259 1256 291 1298 De
309 1260 406 1312 quodam
426 1263 520 1302 sacrista
541 1261 646 1303 defuncto
668 1270 688 1303 et
711 1262 763 1303 aliis
783 1263 887 1315 pluribus

310 1329 422 1372 defunctis
452 1362 888 1374 .............

261 1396 291 1439 De
304 1402 388 1442 cautela
403 1410 423 1443 et
438 1405 639 1455 circumspectione
658 1405 708 1445 eius
728 1406 786 1445 circa
805 1405 887 1445 revela-

309 1473 391 1513 tionem
407 1482 505 1515 statuum
521 1475 677 1517 defunctorum
680 1505 884 1517 .......

263 1537 291 1580 De
309 1545 452 1595 temptatione
471 1546 588 1586 cuiusdam
609 1546 651 1586 viri
672 1545 769 1586 consilio
791 1546 885 1596 virgime

308 1625 320 1653 a
335 1613 413 1666 laqueo
429 1613 510 1655 diaboli
527 1614 612 1656 liberati
626 1643 883 1656 ........

264 1679 292 1722 De
305 1683 386 1725 lemina
402 1687 489 1727 meritis
504 1687 578 1727 beatae
589 1685 672 1727 Mariae
689 1688 783 1737 virginis
798 1686 884 1726 al'ovea

308 1756 473 1807 desperationis
489 1755 579 1797 liberata
628 1785 884 1796 ........
966 1754 1012 1795 xx·

263 1820 291 1863 De
312 1830 379 1878 gratia
404 1839 495 1879 magnae
518 1828 699 1879 compunctionis
725 1834 746 1868 et
770 1826 830 1876 larga
853 1826 883 1867 el·
1022 1828 1047 1869 15

309 1897 397 1939 lusione
417 1898 560 1938 lacrimarum
580 1898 602 1938 in
620 1897 822 1938 communicatione
837 1908 883 1936 cor·

308 1970 370 2020 poris
386 1968 483 2009 Christi.
519 1997 882 2009 ...........
954 1967 1011 2008 xxi·

260 2031 289 2076 De
304 2040 424 2081 insatiabili
439 2040 552 2081 desiderio
565 2042 615 2081 eius
630 2040 656 2080 ad
672 2039 882 2080 communIcandum

307 2114 408 2164 saepius,
423 2121 444 2154 et
459 2113 598 2164 apparitione
613 2112 677 2164 pueri
693 2112 810 2152 crucifixi.
840 2141 846 2152 .
875 2141 881 2152 .
942 2109 1009 2151 xxll·

256 2170 287 2218 De
298 2180 356 2223 lehre
369 2182 490 2223 Baldewini
502 2182 574 2233 pueri,
585 2191 605 2221 et
616 2181 701 2222 domini
715 2180 820 2221 Iohannis
831 2193 881 2221 con·
1017 2187 1044 2228 20

306 2251 401 2293 sessoris
417 2252 453 2292 sui
457 2280 881 2292 .............
929 2249 1000 2292 xxiii

256 2311 285 2357 he
301 2323 377 2365 dolore
392 2322 471 2364 calculi
487 2324 545 2372 cius,
561 2330 581 2363 ct
596 2323 743 2373 praescientia
757 2331 806 2362 ante
822 2322 880 2363 diem

304 2394 377 2434 obitus
393 2396 428 2436 sui
443 2423 881 2435 .............
917 2394 1008 2436 xxiiii·

256 2454 282 2498 )e
298 2468 366 2516 gratia
384 2468 405 2506 in
422 2474 485 2506 nocte
504 2466 604 2517 paschali
624 2475 645 2507 et
663 2467 781 2519 prophetia
801 2467 879 2506 mortis

305 2538 353 2577 eius
370 2567 878 2579 ...............
943 2537 1007 2579 XXV·
1016 2545 1043 2585 25

256 2598 282 2643 50
300 2608 357 2650 felici
373 2611 434 2650 obitu
450 2610 500 2650 eius
515 2618 535 2650 et
551 2609 667 2650 doloribus
683 2612 705 2650 in
721 2611 841 2650 extremis.
872 2640 877 2649 .
931 2609 1007 2650 XXVI·

256 2669 283 2713 ⁵0
300 2678 395 2720 mirabili
412 2679 562 2731 dispositione
578 2680 732 2720 bracchiorum
748 2681 797 2720 eius
812 2688 832 2720 et
848 2681 879 2719 in-

303 2749 416 2791 volutione
431 2752 533 2803 corporis
549 2780 878 2792 ..........
920 2748 1007 2790 xxvii·

256 2812 281 2854 le
299 2820 393 2861 mirabili
409 2822 489 2863 decore
503 2831 523 2862 ct
538 2830 628 2874 aspectu
645 2821 721 2862 vultus
736 2823 806 2862 eius.
837 2850 842 2861 .
873 2851 877 2860 .
907 2819 1006 2860 xxviii·

256 2884 281 2925 ‘e
298 2903 407 2932 concursu
423 2893 563 2932 visitantium
579 2903 661 2943 corpus
679 2894 728 2932 eius
740 2891 876 2931 defunctum.
928 2889 1040 2942 xliiii-30

257 2955 282 2997 ‘e
292 2954 392 3004 'maculis
408 2975 463 3015 quas
479 2964 587 3003 contraxit
599 2974 625 3002 ex
636 2971 736 3003 contactu
753 2962 877 3002 immundo·

303 3046 351 3074 rum
368 3034 483 3074 hominum
514 3063 877 3075 ...........
940 3031 1005 3073 ΧΧΧ·

256 3095 283 3139 ‘e
300 3104 418 3145 reverenda
433 3103 550 3156 sepultura
565 3099 619 3144 eius'
657 3133 877 3144 .......
929 3102 997 3144 xxxi

256 3165 283 3209 ³e
299 3175 412 3215 miraculis
428 3184 479 3227 post
495 3185 588 3216 mortem
603 3176 652 3215 eius
692 3205 876 3216 ......
917 3175 1005 3217 xxxii·

256 3234 352 3287 lamatio
366 3247 433 3287 trium
450 3246 618 3288 miraculorum.
656 3276 875 3287 .......
904 3245 1040 3294 XXXlll·35
