2692 4659
309 646 469 701 ffifflffl
497 647 659 689 SERMONES
676 648 715 689 ΑΙ)
733 646 882 689 NOVlclos
906 647 1070 700 ww&

312 784 436 843 futuro:
458 782 639 842 secundum
663 799 723 841 sua
738 780 899 857 promissa
921 781 954 840 in
972 798 1071 841 evan-

309 878 394 956 gelio
417 890 539 939 sancto.
577 880 660 939 Ecce
683 879 789 955 inquit
810 895 938 938 merces
960 889 1072 939 vestra

311 976 411 1036 multa
440 987 489 1037 est
518 977 551 1036 in
581 977 688 1036 caelo:
717 993 800 1053 quae
827 976 954 1036 dabitur
975 977 1071 1037 vobis

310 1091 369 1150 pro
399 1074 490 1134 brevi
520 1076 698 1136 certamine
728 1086 824 1151 atque
852 1092 1008 1151 pressura
1037 1075 1071 1134 in

287 1172 442 1231 smundo.
483 1172 548 1232 Sed
563 1174 643 1249 quis
665 1184 772 1249 potest
794 1172 903 1232 omnia
925 1172 1072 1248 pericula

311 1269 409 1328 huius
439 1270 525 1330 vitae
561 1287 760 1347 cognoscere
796 1279 828 1329 et
863 1268 1072 1346 praedicere3

311 1382 394 1441 quae
422 1378 560 1443 possunt
590 1367 714 1427 homini
744 1368 805 1427 sub
834 1368 903 1426 sole
934 1367 967 1426 in
998 1368 1071 1427 loco

311 1463 531 1539 temptationis
562 1465 779 1542 contingere?
821 1465 903 1525 Nam
929 1464 1016 1524 iusto
1039 1475 1071 1524 et

311 1560 429 1636 impio:
469 1563 570 1621 multa
604 1579 708 1639 aeque
748 1562 867 1622 similia
903 1562 1071 1622 eveniunt.

277 1677 302 1717 to
313 1659 416 1735 Saepe
448 1659 544 1719 etiam
580 1661 718 1720 adversa
748 1660 822 1737 plus
858 1659 1071 1719 contristant:

311 1773 407 1832 quam
430 1757 514 1817 bona
535 1757 650 1834 adepta
672 1758 856 1818 laetificant.
894 1757 927 1817 Si
951 1756 1071 1833 aliquis

311 1870 434 1930 pauper
448 1864 513 1915 est:
529 1855 715 1915 sollicitudo
731 1865 824 1933 urget
837 1872 911 1915 eum
923 1854 1072 1914 debonis

311 1950 528 2026 acquirendis.
579 1953 611 2013 Si
645 1954 738 2013 dives
770 1953 886 2013 luerit:
918 1953 1070 2013 timorem

312 2049 408 2109 habet
437 2050 477 2109 de
506 2050 691 2125 perdendis.
733 2050 802 2109 Vae
827 2068 904 2127 ergo
927 2050 1072 2125 habenti,

277 2159 344 2207 rset
365 2165 424 2206 vae
453 2164 518 2207 non
548 2147 695 2207 habenti:
724 2147 801 2223 quia
823 2148 995 2224 utrobique
1023 2148 1071 2207 in-

311 2254 397 2305 stant
424 2244 570 2321 pericula
597 2245 763 2320 peccandi.
806 2245 886 2306 Orat
913 2262 990 2322 ergo
1015 2246 1070 2306 Sa-

312 2341 405 2416 piens
441 2342 580 2401 mediam
614 2342 699 2401 viam
736 2342 880 2419 eligens:
915 2353 947 2403 et
983 2343 1071 2403 dicit.

314 2438 452 2498 Divitias
474 2448 505 2497 et
528 2449 750 2516 paupertatem
768 2458 810 2500 ne
827 2440 956 2500 dederis
972 2440 1071 2501 mihi:

312 2536 369 2595 sed
392 2546 515 2596 tantum
531 2537 630 2597 victui
647 2555 721 2597 meo
739 2538 925 2598 necessaria
940 2539 1071 2614 praebe.

275 2655 302 2695 oo
314 2634 375 2692 His
398 2633 502 2693 filimi
521 2635 717 2712 ampliusne
740 2637 898 2711 requiras
929 2636 1071 2713 Pauper-

311 2742 408 2792 tatem
431 2732 555 2794 Christi
578 2733 726 2805 amicam,
750 2743 883 2809 propter
898 2732 1070 2794 Christum

312 2847 377 2889 non
399 2830 559 2904 verearis3
581 2830 657 2906 quia
679 2840 795 2905 sponte
817 2830 880 2906 pati
904 2831 1069 2892 defectum

311 2928 441 2988 virtutis
463 2940 528 2989 est:
552 2940 584 2988 et
598 2929 770 3005 acquisitio
793 2930 883 3006 regni
907 2930 1070 2991 caelestis.

313 3026 448 3086 Dulcior
470 3038 519 3087 est
548 3044 646 3103 saepe
669 3026 778 3086 siccus
800 3028 893 3103 panis
916 3029 1070 3105 pauperis

275 3124 504 3184 25esurientis:
526 3142 622 3200 quam
645 3124 816 3200 crapulosa
833 3142 948 3184 mensa
963 3127 1068 3187 satiati

312 3221 431 3281 divitis,
475 3221 642 3281 Salubrior
670 3232 720 3282 est
742 3222 950 3283 mendicanti*
966 3241 1069 3300 aquae

313 3330 418 3396 potus,
439 3321 499 3379 sub
515 3320 570 3380 vili
594 3330 679 3380 tecto
697 3320 834 3379 asseris:
857 3337 953 3396 quam
977 3321 1069 3382 fortis

311 3418 378 3477 vini
408 3418 501 3494 copia
529 3419 562 3477 in
584 3417 702 3494 palatio
732 3417 828 3494 regis,
872 3418 951 3478 Plus
980 3420 1067 3480 enim

312 3516 444 3576 divitem
461 3516 593 3576 satietas
609 3516 754 3575 ciborum
770 3526 898 3592 gravat3
912 3517 987 3593 plus
1001 3517 1066 3577 vini

275 3623 407 3689 aopotus
439 3624 533 3690 caput
567 3613 639 3672 eius
674 3613 789 3673 laedit:
826 3630 922 3690 quam
959 3614 1068 3674 tenuis

313 3710 418 3770 victus
454 3713 656 3771 stomachum
694 3710 834 3770 mendici
875 3711 1068 3787 languentis.

670 3815 709 3857 120
