2692 4659
364 689 525 742 &irim
552 687 715 731 SERMONES
729 687 770 730 ΑΙ)
787 688 936 731 NOVICIOS
959 688 1124 741 &ww

364 823 403 882 ad
426 822 635 883 serviendum
654 823 724 882 Deo
747 840 821 881 cum
844 822 965 883 laetitia
980 831 1011 882 et
1026 822 1124 899 grati·

364 920 476 980 tudine
507 937 632 997 magna.
684 920 767 979 Nam
799 920 832 979 in
864 919 973 979 bieme
1004 937 1123 980 manus

364 1028 491 1078 vestras
513 1029 545 1078 et
566 1019 667 1094 pedes
695 1018 868 1093 caleiaci03
897 1018 1049 1077 candelas
1071 1036 1124 1078 ac·

365 1116 486 1190 condo,
516 1116 668 1175 tenebras
701 1115 795 1192 iugo:
827 1115 1005 1175 claritatem
1037 1115 1124 1175 lucis

341 1212 470 1272 soculis
492 1212 602 1273 reddo.
639 1212 728 1289 Quid
750 1213 847 1272 debui
871 1213 979 1272 facere
1001 1223 1033 1273 et
1054 1230 1122 1272 non

366 1310 456 1370 ieci?
499 1311 708 1386 Respondete
731 1310 881 1372 Creatori
904 1329 995 1371 meo:
1017 1310 1044 1369 si
1065 1327 1123 1370 ne·

363 1407 435 1484 gavi
459 1408 614 1468 oboedire
636 1407 709 1467 eius
737 1408 886 1485 imperio.
929 1408 1002 1469 Feci
1032 1408 1121 1467 enim

365 1505 436 1564 sine
448 1505 705 1565 contradictione
720 1515 784 1565 tarn
796 1505 891 1565 bonis
902 1523 998 1582 quam
1010 1506 1123 1565 malis:

365 1618 592 1679 quaecumque
607 1604 772 1663 mandavit
787 1603 856 1663 iieri
869 1604 1031 1663 Dominus
1046 1621 1124 1663 con·

330 1700 450 1760 aditor
480 1718 595 1777 meus,
631 1701 840 1777 omnipotens
870 1712 902 1761 et
933 1700 1125 1760 misericors

366 1799 466 1857 Deus.
510 1798 613 1858 Bonis
634 1800 767 1875 quidem
782 1785 784 1789 ’
798 1810 829 1859 et
858 1798 953 1859 iustis
975 1797 1015 1857 ad
1036 1797 1124 1857 utili-

364 1904 462 1955 tatem
483 1911 596 1954 eorum
619 1895 731 1956 ferveo
747 1906 779 1956 et
800 1897 910 1955 luceo:
933 1894 1027 1955 malis
1043 1911 1124 1954 vero

364 2002 396 2051 et
418 1992 552 2069 ingratis
575 1993 614 2052 ad
636 1994 813 2055 vindictam
835 1994 980 2053 ardesco.
1019 1991 1123 2053 Cum-

364 2107 428 2165 que
451 2089 543 2148 Deus
564 2090 666 2151 iratus
689 2090 840 2167 iusserit,
868 2101 945 2151 tunc
972 2089 1124 2149 civitates

330 2188 459 2247 isvillas
481 2198 512 2247 et
535 2198 640 2248 castra
662 2191 835 2249 comburo:
862 2199 978 2250 ettam
1002 2187 1125 2247 divites

365 2302 460 2361 quarn
484 2302 645 2362 pauperes
675 2287 747 2347 sine
769 2303 983 2364 personarum
1008 2302 1126 2361 accep-

364 2382 453 2442 tione
483 2383 633 2460 devast03
663 2402 861 2462 omnemque
889 2383 1002 2444 mundi
1032 2384 1126 2443 laeti-

364 2480 459 2556 tiam,
483 2480 759 2556 pulchritudinem
783 2493 815 2543 et
837 2480 1064 2542 abundantiam
1088 2480 1125 2541 in

365 2577 508 2637 cinerem
546 2579 673 2656 redigo:
710 2590 742 2640 et
777 2590 885 2640 tamen
921 2579 1056 2639 illaesus
1088 2578 1125 2638 in

328 2676 514 2751 aopropriae
537 2685 671 2737 naturae
696 2677 800 2737 forma
822 2693 1008 2753 permaneo.

286 2781 353 2828 ner·
405 2772 473 2834 Aer
487 2774 582 2833 dicet.
608 2775 674 2851 Ego
690 2793 800 2834 auram
817 2777 933 2834 bonam
951 2782 983 2833 et
998 2773 1125 2832 sereni-

365 2880 461 2931 tatem
485 2873 625 2947 praebeo
648 2873 686 2932 ad
717 2872 926 2932 commodose
956 2869 1125 2928 ambulan-

365 2968 459 3045 dum;
481 2970 519 3029 ad
542 2968 713 3047 ingeniose
735 2968 957 3040 laborandum,
979 2968 1019 3026 ad
1038 2966 1125 3027 irue-

365 3077 459 3127 tuose
475 3068 718 3127 seminandum:
734 3076 766 3126 et
781 3065 820 3125 ad
835 3076 980 3126 maturos
997 3065 1125 3125 fructus

329 3182 356 3222 25
366 3164 398 3223 in
410 3167 528 3224 horrea
538 3176 570 3226 et
580 3166 714 3225 vascula
724 3164 894 3224 hominum
911 3163 1123 3240 colligendos

367 3262 431 3322 Sed
453 3262 528 3339 quia
550 3280 648 3339 saepe
669 3261 820 3321 homines
836 3262 1013 3321 abutuntur
1027 3262 1123 3321 bonis

366 3360 449 3419 datis
471 3360 510 3420 ad
531 3360 691 3420 vanitates
713 3369 745 3419 et
775 3359 887 3419 illicita
914 3360 1005 3418 lucra
1032 3376 1123 3419 exer·

367 3458 485 3517 cenda:
508 3458 609 3517 iratus
633 3458 724 3516 Deus
746 3456 879 3517 malitiis
901 3473 1026 3532 eorum,
1049 3457 1123 3515 sub·

366 3554 411 3615 ito
433 3572 486 3615 me
509 3555 592 3632 cogit
615 3571 771 3615 exercere
801 3555 958 3615 terribilia
982 3555 1015 3614 in
1039 3565 1124 3615 terra

330 3652 399 3713 aoin
429 3653 527 3727 mari,
557 3653 589 3713 in
613 3653 784 3713 arboribus
812 3653 845 3712 in
868 3653 1060 3729 pecoribuS,
1089 3653 1121 3712 in

367 3750 483 3809 castris
505 3752 538 3810 in
561 3751 707 3827 oppidis,
729 3751 762 3810 in
785 3751 888 3827 agris,
910 3760 942 3810 et
964 3749 997 3809 in
1021 3749 1122 3810 domi·

727 3856 765 3896 1³0
