2692 4659
244 669 568 722 mm
595 668 655 711 XXII
684 670 738 720 2!
755 670 772 707 ι’
790 672 819 710 ‚⁴
835 671 852 708 r'
870 672 899 711 .“
915 671 1005 722 »ζ’χῆ

245 802 336 861 milis
359 802 444 877 lesu,
467 812 499 863 et
520 803 559 862 ad
577 812 713 862 matrem
736 801 808 862 eius
830 803 947 863 devote
970 821 1006 863 se

245 900 424 960 convertit:
456 909 490 960 ut
521 900 666 960 inveniat
696 899 829 975 gratiam
862 900 895 959 in
931 918 1006 961 con·

245 1007 362 1074 spectu
378 1015 503 1058 eorum.
533 998 699 1074 Recollige
715 1014 792 1075 ergo
815 998 1005 1059 fidelissime

245 1112 344 1155 serve
360 1096 422 1156 Dei
445 1096 479 1156 in
496 1113 598 1155 unum
615 1094 808 1155 fasciculum
832 1096 915 1156 iacta
931 1098 1005 1156 lesu

245 1209 331 1270 quae
349 1192 414 1269 egit
430 1202 462 1253 et
484 1193 579 1253 dixit:
602 1203 634 1253 et
653 1194 832 1269 proderunt
852 1195 909 1254 tibi
932 1196 1028 1270 pluss

243 1309 344 1367 quam
368 1307 484 1351 omnes
505 1291 651 1352 thesauri
674 1292 797 1351 mundi.
842 1292 1006 1352 Pertracta

244 1389 344 1450 etiam
367 1389 451 1465 apud
474 1398 505 1449 te
524 1389 638 1449 sedula
653 1399 763 1449 mente
779 1390 1005 1451 sanctissimae

244 1487 360 1547 matris
393 1487 467 1546 lesu
499 1496 591 1547 actus
627 1497 659 1547 et
691 1488 806 1564 verba3
842 1497 874 1548 et
910 1498 1005 1548 erunt

243 1584 375 1644 animae
397 1593 471 1645 tuae
493 1584 669 1645 solaciosa:
697 1595 794 1662 atque
816 1604 916 1663 super
938 1603 1004 1647 orn·

243 1683 300 1743 nia
321 1692 465 1743 aromata
487 1682 641 1743 dulciora.
675 1684 864 1743 Delectatur
885 1702 1004 1761 corpus
1017 1703 1041 1743 ro

243 1780 403 1841 odoribus
424 1781 529 1858 bonis
551 1793 583 1843 et
605 1792 774 1858 reparatur
788 1782 934 1843 ciborum
959 1783 1004 1843 io·

244 1879 384 1939 mentis:
406 1880 514 1939 anima
535 1889 643 1940 autem
666 1880 841 1940 virtutibus
863 1882 951 1941 veris
973 1892 1005 1942 et

244 1976 512 2037 meditationibus
534 1978 666 2053 sanctis,
689 1978 846 2053 nutritur,
877 1979 1005 2038 confor-

243 2084 333 2136 tatur
354 2083 386 2134 et
408 2074 554 2135 laetatur.
584 2075 716 2152 Quanto
732 2092 810 2136 vero
832 2076 1004 2152 perlectio-

243 2173 338 2232 ribus
358 2172 434 2247 quis
455 2171 553 2231 instat
574 2172 709 2247 studiis,
736 2181 768 2232 et
789 2173 1004 2235 nobilioribus
1016 2194 1040 2235 ιε

243 2288 281 2330 se
314 2270 423 2330 subdit
452 2269 632 2346 magistris;
663 2280 751 2331 tanto
781 2271 901 2330 clarius
929 2272 1003 2332 edo·

243 2377 355 2429 cetur:
385 2378 417 2429 et
445 2368 484 2427 ad
514 2368 645 2428 culmen
673 2369 883 2429 beatitudinis
907 2370 1003 2431 citius

242 2466 425 2544 perveniet.
469 2466 594 2526 Summi
624 2467 768 2542 magistri
796 2467 942 2543 virtutis,
972 2479 1004 2528 et

243 2563 345 2623 totius
367 2564 548 2624 sanctitatis
570 2565 743 2625 luminaria
764 2576 840 2626 sunt
857 2567 950 2627 lesus
972 2577 1004 2627 et

243 2661 367 2737 Maria3
396 2679 479 2739 quos
501 2679 559 2737 pro
582 2663 713 2723 modulo
736 2674 810 2725 tuae
837 2665 1039 2741 parvitatisao

242 2759 300 2819 tibi
324 2769 524 2836 anteponere
546 2761 663 2821 debes:
686 2771 718 2821 et
733 2772 896 2840 tamquam
912 2780 1003 2839 prae·

241 2867 356 2918 sentes
379 2858 509 2919 intueri.
552 2860 615 2919 His
636 2860 735 2937 iunge
757 2870 807 2921 te:
837 2862 889 2923 his
913 2862 1003 2921 lami·

242 2956 357 3016 liarem
381 2965 413 3016 et
435 2957 588 3018 devotum
618 2969 650 3019 te
679 2958 806 3020 exhibe.
849 2960 1002 3020 Vbicum-

242 3072 307 3131 que
337 3054 481 3115 audieris
509 3056 630 3133 aliquid
659 3057 700 3116 de
732 3058 806 3117 lesu
836 3065 868 3116 et
899 3055 1004 3116 Maria

242 3152 396 3213 recitare:
412 3152 455 3212 ibi
472 3170 583 3213 aurem
595 3154 768 3230 diligenter
778 3155 1039 3229 accommoda32s

241 3250 285 3310 ibi
308 3266 433 3309 moram
457 3250 579 3310 diutius
601 3253 710 3311 trahe:
740 3262 772 3312 et
793 3252 870 3328 quid
893 3252 1002 3312 aedili-

241 3347 383 3409 cationis
397 3365 434 3407 ac
451 3348 580 3409 latentis
595 3349 673 3409 insit
693 3350 876 3410 dulcedinis
891 3367 1002 3426 pensa.

241 3445 551 3524 Quotienscumque
569 3447 666 3507 etiam
689 3448 727 3507 ad
750 3464 832 3523 opus
855 3447 1001 3508 divinum

239 3543 426 3604 accesseris
455 3546 691 3622 peragendum:
720 3546 772 3606 vel
802 3546 930 3622 quando
962 3547 1001 3606 ad

239 3640 387 3699 laborem
415 3656 641 3717 communem,
671 3642 742 3702 sive
772 3643 810 3702 ad
839 3643 1037 3719 privatumao

237 3748 351 3798 actum
375 3737 477 3797 fueris
505 3749 677 3816 evocatus3
705 3740 845 3816 primum
868 3741 907 3800 ad
930 3758 1000 3800 cae·

602 3843 643 3885 21³
