2692 4659
362 690 524 743 ὠθεῖς
551 689 714 733 sermones
728 690 769 732 nb
785 689 934 733 novrcros
959 692 1124 744 fwtw

364 834 441 884 tunc
463 823 620 901 temporis
640 824 740 899 priori
757 824 873 884 domus
894 834 1028 885 nostrae
1051 842 1124 901 spe-

364 922 436 982 ciali
459 922 593 982 amatori
609 932 740 982 sanctae
756 920 908 999 Agnetis:
931 922 1124 998 frequenter

364 1018 449 1078 infra
475 1036 636 1078 summam
665 1019 817 1094 missam,
846 1019 946 1078 choro
973 1030 1123 1095 canente,

364 1116 434 1192 ipse
463 1133 646 1177 renonaceo
671 1116 704 1176 in
727 1116 867 1176 ecclesia
889 1118 1122 1194 superpellicio
1164 1190 1165 1198 ἵ

342 1214 515 1290 sindutus‚
537 1232 653 1292 magno
677 1232 750 1274 curn
774 1214 893 1275 affectu
914 1214 1122 1276 ministravit.
1164 1210 1165 1218 '

406 1311 536 1373 Accidit
571 1323 679 1374 autem
711 1313 848 1390 quadam
880 1312 953 1373 vice
984 1323 1020 1373 ut
1051 1314 1121 1390 ipse

365 1412 520 1488 quasdam
544 1411 701 1487 pecunias
724 1427 764 1470 ex
780 1411 862 1470 cella
883 1410 916 1469 in
933 1428 996 1487 qua
1019 1430 1123 1471 mora·

364 1509 458 1569 batur
488 1510 656 1585 perderet:
688 1509 728 1569 de
760 1509 879 1585 quibus
907 1510 1123 1569 vehementer

365 1607 467 1667 doluit
489 1607 611 1666 mirans
627 1606 702 1683 quis
717 1607 779 1666 hoc
796 1606 938 1666 fecisset.
967 1607 1121 1667 Nondum

331 1721 355 1761 ιο
365 1705 453 1765 enim
475 1722 535 1764 sua
551 1705 790 1781 resignaverat:
813 1705 871 1764 sed
894 1705 978 1765 sicut
1000 1706 1122 1782 hospes

365 1812 397 1862 et
418 1802 543 1862 amicus
567 1802 673 1862 fidelis
696 1802 781 1862 inter
803 1802 920 1862 fratres
942 1802 975 1861 in
998 1803 1120 1863 ambitu

365 1900 496 1960 claustri
513 1898 685 1959 habitabat.
714 1899 797 1958 Nam
809 1898 894 1958 infra
905 1899 1120 1959 meridianum

364 1996 536 2072 prandium
560 1995 691 2072 quidam
722 1996 849 2055 alienus
872 2005 904 2055 et
924 1996 1056 2073 ignotus
1078 1999 1121 2057 la·

365 2104 472 2154 tenter
493 2110 551 2169 per
580 2094 757 2153 fenestram
787 2103 930 2170 apertam
960 2110 1121 2154 cameram

331 2191 438 2252 rseius
474 2191 621 2251 intravit:
654 2200 686 2251 et
717 2202 872 2267 quantum
909 2191 970 2251 sibi
1003 2192 1123 2268 placuit
1164 2219 1165 2224 .

366 2290 492 2349 furatus
514 2299 565 2349 est
586 2298 618 2349 et
639 2290 703 2349 cito
726 2290 872 2350 recessit.
903 2289 1044 2350 Prandio
1067 2290 1122 2349 ita-

365 2404 429 2464 que
459 2388 543 2447 facto
573 2404 647 2447 cum
671 2387 882 2447 Hermannus
909 2396 982 2463 post
1003 2388 1122 2464 gratias

366 2486 468 2545 dictas
480 2485 594 2545 cellam
606 2502 698 2544 suam
710 2485 862 2560 intraret3
877 2484 1034 2560 pecunias
1045 2501 1123 2544 suas

366 2600 527 2661 quaerens
556 2600 621 2642 non
651 2583 809 2658 repperit:
839 2591 870 2642 et
896 2581 975 2641 satis
1004 2582 1124 2642 contri·
1164 2599 1165 2660 ;

330 2691 469 2741 zostatus
492 2680 546 2740 uni
565 2697 799 2740 conversorum
823 2679 912 2739 fratri
930 2679 1066 2738 Iohanni
1084 2679 1124 2739 de
1164 2669 1165 2698 ³

367 2779 446 2839 Eme
482 2778 543 2838 sibi
581 2778 730 2838 familiari
768 2778 1000 2854 conquerendo
1033 2777 1123 2838 dixit.

367 2876 496 2939 Obone
519 2876 636 2937 dilecte
660 2877 759 2936 frater
782 2877 955 2951 lohannes,
977 2886 1054 2935 sunt
1071 2876 1125 2935 hic

367 2975 457 3034 fures
489 2974 522 3033 in
553 2974 679 3033 domo?
717 2974 782 3050 Qui
815 2974 868 3033 ait.
904 2973 978 3032 Non
1011 2973 1125 3049 utique

366 3072 451 3131 bone
475 3071 674 3131 Hermanne.
710 3069 801 3130 Tunc
830 3071 885 3130 ille
916 3070 1038 3129 furtum
1061 3070 1124 3129 sibi

331 3168 430 3231 25iam
468 3169 587 3228 factum
626 3168 800 3243 revelavit,
831 3168 954 3228 dicens.
992 3167 1123 3228 Perdidi

367 3259 523 3344 pecunias
545 3285 626 3344 quas
656 3267 753 3326 habui
783 3266 816 3325 in
839 3266 936 3326 cella:
966 3275 998 3326 et
1028 3265 1124 3325 modo

367 3366 451 3425 infra
470 3365 641 3441 prandium
657 3374 734 3425 sunt
749 3374 875 3424 secrete
892 3365 1026 3424 furatae.
1059 3362 1124 3425 Cui

368 3461 1125 3536 fraterlohannesconsolandotristemrespon·

368 3561 422 3621 dit.
456 3561 530 3620 Non
553 3560 703 3637 cogitetis
725 3560 809 3619 bone
832 3559 936 3619 amice
958 3559 1046 3635 quod
1069 3557 1126 3617 ali·

331 3659 442 3736 aequis
459 3659 593 3718 fratrum
617 3668 803 3717 nostrorum
826 3667 880 3716 aut
902 3674 942 3717 ex
958 3655 1125 3717 familiari-

368 3756 429 3815 bus
451 3756 568 3816 domus
590 3756 689 3815 huius
711 3755 774 3813 hoc
797 3755 920 3815 fecerit.
953 3755 1018 3815 Sed
1041 3755 1126 3839 forte

726 3858 767 3901 274
