2692 4659
268 669 600 721 ww
619 668 697 710 XXVH
717 667 1037 719 &ww

272 802 422 862 cessavit
452 802 619 878 temptatio
650 811 683 862 et
713 800 915 878 quaestionis
946 799 1036 860 dubi-

273 899 368 960 tatio.
398 900 436 960 Et
447 900 578 976 saepius
593 911 707 977 postea
723 910 834 960 contra
844 898 1035 959 diabolicam

274 998 520 1059 immissionem
536 1002 617 1060 haec
631 1000 732 1059 verba
747 998 894 1058 revolvit.
926 996 1035 1058 Crede

273 1096 365 1156 sicut
380 1094 492 1173 Agnes
508 1096 654 1158 Caecilia
668 1106 701 1156 et
717 1096 874 1155 Barbara:
897 1104 928 1155 et
943 1112 1036 1154 num·

273 1211 376 1271 quam
405 1194 529 1253 errabis
550 1194 583 1253 in
600 1194 662 1254 fide
686 1194 852 1254 catholica.
884 1193 967 1252 Nam
990 1201 1058 1252 tots

274 1302 357 1352 sunt
385 1291 570 1352 testimonia
591 1308 685 1351 vera:
714 1301 792 1369 quot
821 1299 897 1350 sunt
925 1299 1036 1349 sancta

272 1389 378 1449 verba
405 1389 439 1449 in
462 1388 576 1448 Biblia.

599 1546 717 1595 nervo.
736 1606 738 1612 ,

272 1627 1034 1845 &liusetiamquidamdefratribusnostris

410 1781 560 1841 infirmus
576 1782 609 1841 in
620 1782 735 1841 eodem
752 1782 823 1841 loco
835 1790 867 1841 et
877 1781 979 1856 altari,
994 1798 1034 1841 ex
1046 1799 1070 1839 ιο

273 1878 454 1940 devotione
476 1881 745 1941 communicavit:
768 1881 822 1957 qui
839 1880 893 1941 diu
909 1881 1034 1940 baculis

272 1993 314 2036 se
345 1986 533 2039 sustentans
564 1996 685 2039 curvus
716 1977 868 2037 incedere
900 1978 1033 2038 solebat.

273 2074 343 2134 Sed
375 2085 448 2151 post
477 2076 729 2137 celebrationem
765 2076 886 2135 missae
914 2076 1033 2136 virtute

273 2172 423 2248 Christi,
451 2183 483 2234 et
512 2175 637 2235 meritis
666 2185 797 2235 sanctae
820 2174 957 2252 Agnetis
985 2175 1032 2234 sic

271 2271 458 2343 convaluit;
488 2282 521 2332 ut
542 2273 677 2332 baculos
699 2289 777 2332 suos
799 2281 872 2348 post
898 2271 1032 2331 missam
1044 2290 1069 2330 15

270 2368 397 2429 ibidem
421 2368 636 2446 relinqueret:
659 2379 691 2429 et
706 2379 819 2445 postea
840 2369 879 2428 ad
896 2370 1031 2428 chorum

270 2477 307 2527 et
331 2477 528 2527 conventum
558 2467 663 2528 laetus
686 2476 718 2527 et
740 2476 849 2526 rectus
870 2466 1032 2527 transiret.

270 2565 418 2626 Mirante
454 2576 561 2626 autem
593 2565 733 2642 quodam
771 2565 868 2625 fratre
899 2564 938 2624 de
969 2565 1032 2625 isto

270 2664 377 2723 facto:
400 2662 559 2723 sciscitari
575 2663 628 2739 pie
644 2663 765 2738 coepit:
788 2661 866 2738 quid
881 2670 1032 2737 aegrotus

268 2760 653 2838 egeritetiniramissam
663 2758 862 2837 cogitaverit.
886 2759 1067 2834 Responao

269 2859 320 2919 dit
352 2868 494 2919 sanatus
537 2858 687 2935 Cogitavi
719 2868 751 2918 et
782 2856 906 2917 revolvi
933 2857 1032 2915 verba

268 2956 379 3016 sancti
402 2956 579 3033 evangelii:
609 2956 696 3016 Luca
718 2957 881 3016 referente
904 2955 943 3015 de
967 2956 1031 3015 Do·

268 3054 364 3115 mino
379 3064 491 3114 nostro
504 3055 578 3114 lesu
590 3053 735 3116 Christo.
768 3054 806 3114 Et
817 3054 923 3114 omnis
938 3054 1031 3114 turba

266 3152 449 3228 quaerebat
471 3168 546 3210 eum
569 3161 718 3228 tangere:
741 3161 772 3211 et
787 3151 891 3211 virtus
912 3151 953 3211 de
974 3151 1030 3211 illo

267 3249 391 3325 exibat,
406 3258 438 3309 et
448 3249 581 3309 sanabat
592 3266 717 3309 omnes.
750 3251 841 3309 Bona
857 3266 933 3325 ergo
949 3248 1065 3313 fideszs

267 3358 303 3408 et
314 3346 421 3407 virtus
433 3347 632 3408 Sacramenti
650 3365 724 3408 cum
736 3348 888 3424 precibus
903 3356 1029 3407 sancto-

268 3462 346 3505 rum
369 3462 485 3506 sanare
507 3447 612 3506 adhuc
628 3456 766 3522 possunt
787 3455 897 3506 mente
913 3455 944 3505 et
960 3463 1029 3504 cor-

266 3559 353 3619 pore
368 3543 509 3619 debiles3
531 3554 566 3604 ut
581 3544 658 3604 fiant
681 3544 847 3604 ferventes
868 3543 902 3602 in
918 3560 1028 3603 amore

268 3642 347 3717 Dei,
363 3650 394 3701 et
405 3642 444 3701 ad
455 3660 553 3702 omne
568 3659 651 3719 opus
662 3644 783 3721 bonum
795 3642 1028 3719 promptiores:

266 3751 302 3801 et
325 3740 397 3799 suis
418 3741 571 3817 praelatis
600 3741 672 3800 sine
695 3759 785 3801 mora
807 3742 1065 3803 oboedientesao

630 3846 669 3887 277
