2692 4659
364 682 526 735 &unffi
553 681 716 724 sermones
731 682 771 724 xo
788 681 937 725 uovrcros
962 683 1129 736 amatam

366 815 566 891 evangelista
581 816 725 892 loquitur
739 815 772 876 in
786 815 982 892 Apocalypsi
1000 811 1127 877 dicens

367 912 498 972 Factum
522 922 572 973 est
593 913 755 989 proelium
786 913 949 988 incaelo,
979 913 1126 973 Michael

366 1020 397 1070 et
413 1011 518 1087 angeli
534 1010 606 1070 eius
622 1011 865 1087 proeliabantur
875 1028 948 1071 cum
966 1011 1127 1086 dracone3

366 1118 397 1168 et
419 1109 585 1185 proiectus
607 1119 657 1170 est
680 1110 775 1170 draco
798 1110 831 1169 in
854 1120 983 1185 terram,
1015 1119 1047 1169 et
1071 1126 1126 1169 an-

342 1207 427 1283 sgeli
451 1207 523 1267 eius
545 1225 619 1267 curn
635 1207 691 1266 illo
708 1208 799 1268 missi
817 1218 908 1268 sunt:
931 1217 962 1267 et
983 1224 1051 1266 non
1075 1216 1126 1266 est

365 1304 519 1365 inventus
541 1306 635 1365 locus
657 1323 772 1365 eorum
801 1305 941 1382 amplius
965 1304 998 1364 in
1022 1304 1124 1364 caelo.

367 1402 450 1461 Ecce
466 1412 586 1478 quanta
600 1403 721 1462 meruit
736 1403 890 1479 superbia
909 1400 1044 1461 diaboli:
1068 1400 1125 1476 qui

366 1500 530 1575 proiectus
553 1510 603 1561 est
623 1519 642 1560 a
664 1501 747 1561 facie
765 1501 824 1561 Dei
846 1500 937 1575 caeli,
959 1516 1001 1559 ne
1016 1498 1127 1557 videat

365 1596 499 1672 gloriam
517 1598 588 1657 Dei.
620 1599 728 1675 Quam
750 1599 823 1660 sine
845 1599 942 1659 dubio
965 1596 1125 1674 consequi

331 1714 355 1754 tu
366 1713 431 1755 non
453 1696 586 1771 poterit:
609 1698 664 1773 qui
687 1698 720 1758 in
743 1714 779 1758 se
801 1698 873 1773 ipso
895 1695 1034 1757 voluerit
1057 1695 1126 1770 glo-

366 1793 451 1853 riari.
501 1793 587 1853 Hinc
618 1794 715 1854 etiam
746 1794 846 1854 isaias
878 1793 1052 1855 manifeste
1084 1792 1126 1852 de

365 1892 576 1967 reproborum
599 1893 782 1969 perditione
809 1893 976 1953 exclamat.
1019 1888 1127 1951 Tolla-

365 1999 417 2048 tur
438 1989 574 2065 impius:
597 2006 638 2048 ne
654 1989 763 2050 videat
784 1990 919 2066 gloriam
936 1988 1008 2049 Dei.
1041 1987 1127 2049 Cer·

364 2087 491 2147 tissimo
507 2088 657 2164 exemplo
672 2088 736 2147 iam
753 2097 849 2163 patet,
864 2104 959 2164 quam
980 2085 1125 2146 maxime

330 2206 355 2245 ιε
365 2186 552 2246 extollentia
567 2187 783 2262 superborum
797 2188 866 2246 Deo
883 2184 1043 2261 displicet,
1066 2184 1124 2260 qui

364 2284 488 2359 angelis
510 2283 775 2361 superbientibus
796 2300 862 2342 non
878 2282 1040 2359 pepercit:
1063 2283 1125 2342 sed

364 2380 506 2441 aeternis
528 2399 585 2441 eos
614 2382 744 2459 ignibus
766 2381 896 2441 tradidit
927 2380 1126 2440 cruciandos

364 2479 452 2537 omni
475 2494 535 2554 spe
557 2480 673 2540 veniae
696 2480 809 2539 ablata.
853 2479 928 2538 Heu
950 2495 1048 2554 quam
1071 2495 1126 2537 se-

364 2593 441 2636 vera
462 2578 625 2637 sententia
657 2577 790 2653 superni
815 2576 949 2650 iudicis,
978 2575 1082 2650 proici
1107 2592 1127 2634 a

327 2674 505 2734 zoiucunda
527 2674 609 2734 facie
632 2674 762 2734 divinae
785 2674 964 2734 maiestatis
996 2682 1028 2732 et
1051 2691 1125 2749 per·

364 2783 480 2848 petuae
518 2772 697 2832 felicitatis:
740 2782 771 2832 et
807 2788 938 2848 semper
973 2772 1124 2831 comburi

364 2870 532 2930 acerrimis
549 2869 699 2944 flammiS,
721 2887 804 2946 quae
826 2887 891 2929 non
907 2878 1047 2945 possunt
1070 2886 1125 2929 ex·

363 2967 465 3043 tingui
482 2968 586 3044 aquis,
601 2985 663 3027 nec
681 2967 836 3026 remediis
851 2966 1001 3042 mitigari.
1035 2967 1124 3044 Qua·

363 3074 494 3139 propter
522 3064 699 3142 unicuique
732 3064 971 3124 formidandum
1001 3074 1052 3124 est
1081 3065 1122 3124 de

327 3172 427 3222 25tam
450 3179 567 3222 severo
584 3164 644 3222 Dei
667 3163 788 3223 iudicio
811 3163 843 3222 in
866 3162 991 3239 angelis
1006 3179 1121 3238 super-

363 3260 527 3319 bientibus
548 3260 756 3320 aeternaliter
778 3260 954 3320 damnatis:
984 3261 1043 3320 sed
1066 3278 1121 3336 po-

363 3358 428 3419 tius
450 3376 524 3418 cum
547 3359 715 3435 psalmista
730 3359 950 3418 confitendum
974 3368 1006 3418 et
1028 3376 1122 3419 oran·

364 3457 450 3516 dum.
494 3457 567 3516 Non
590 3457 699 3516 veniat
728 3456 807 3515 mihi
840 3474 898 3532 pes
930 3457 1120 3532 superbiae:

364 3564 395 3614 et
417 3571 533 3613 manus
555 3555 737 3630 peccatoris
760 3571 824 3613 non
842 3564 971 3614 moveat
987 3571 1050 3615 me.
1083 3555 1121 3614 Et

327 3651 491 3711 aoiterum.
524 3652 642 3711 Nonne
667 3653 737 3711 Deo
760 3651 907 3711 subiecta
929 3653 990 3712 erit
1013 3653 1122 3712 anima

365 3766 452 3809 mea:
474 3750 512 3809 ab
536 3750 606 3825 ipso
629 3749 718 3809 enim
741 3750 882 3810 salutare
905 3768 1026 3810 meum.
1061 3808 1069 3826 ,

725 3855 761 3895 158
