<?xml version="1.0" encoding="UTF-8"?>
<!DOCTYPE html PUBLIC "-//W3C//DTD XHTML 1.0 Transitional//EN"
    "http://www.w3.org/TR/xhtml1/DTD/xhtml1-transitional.dtd">
<html xmlns="http://www.w3.org/1999/xhtml" xml:lang="en" lang="en">
 <head>
  <title>
</title>
<meta http-equiv="Content-Type" content="text/html;charset=utf-8" />
  <meta name='ocr-system' content='tesseract 3.04.00' />
  <meta name='ocr-capabilities' content='ocr_page ocr_carea ocr_par ocr_line ocrx_word'/>
</head>
<body>
  <div class='ocr_page' id='page_1' title='image "./thomaehemerkena00pohlgoog_0078.png"; bbox 0 0 2692 4659; ppageno 0'>
   <div class='ocr_carea' id='block_1_1' title="bbox 360 688 1121 743">
    <p class='ocr_par' dir='ltr' id='par_1_1' title="bbox 360 688 1121 743">
     <span class='ocr_line' id='line_1_1' title="bbox 360 688 1121 743; baseline -0.009 -8"><span class='ocrx_word' id='word_1_1' title='bbox 360 688 521 741; x_wconf 53' lang='lat' dir='ltr'><strong>ww</strong></span> <span class='ocrx_word' id='word_1_2' title='bbox 548 688 711 732; x_wconf 82' lang='lat' dir='ltr'>SERMONES</span> <span class='ocrx_word' id='word_1_3' title='bbox 726 689 766 731; x_wconf 80' lang='lat' dir='ltr'><strong>AD</strong></span> <span class='ocrx_word' id='word_1_4' title='bbox 781 688 931 732; x_wconf 91' lang='lat' dir='ltr'><strong>NOVlCIOS</strong></span> <span class='ocrx_word' id='word_1_5' title='bbox 956 690 1121 743; x_wconf 50' lang='lat' dir='ltr'><strong>ww</strong></span> 
     </span>
    </p>
   </div>
   <div class='ocr_carea' id='block_1_2' title="bbox 326 822 1121 2061">
    <p class='ocr_par' dir='ltr' id='par_1_2' title="bbox 326 822 1121 2061">
     <span class='ocr_line' id='line_1_2' title="bbox 361 822 1121 900; baseline 0.004 -20"><span class='ocrx_word' id='word_1_6' title='bbox 361 830 443 897; x_wconf 84' lang='lat' dir='ltr'><strong>stra,</strong></span> <span class='ocrx_word' id='word_1_7' title='bbox 471 830 504 881; x_wconf 91' lang='lat' dir='ltr'><strong>et</strong></span> <span class='ocrx_word' id='word_1_8' title='bbox 532 822 675 882; x_wconf 90' lang='lat' dir='ltr'><strong>caveatis</strong></span> <span class='ocrx_word' id='word_1_9' title='bbox 697 822 785 899; x_wconf 91' lang='lat' dir='ltr'><strong>loqui</strong></span> <span class='ocrx_word' id='word_1_10' title='bbox 815 824 855 884; x_wconf 90' lang='lat' dir='ltr'><strong>de</strong></span> <span class='ocrx_word' id='word_1_11' title='bbox 883 824 946 883; x_wconf 90' lang='lat' dir='ltr'><strong>alta</strong></span> <span class='ocrx_word' id='word_1_12' title='bbox 966 824 1121 900; x_wconf 85' lang='lat' dir='ltr'><strong>materia3</strong></span> 
     </span>
     <span class='ocr_line' id='line_1_3' title="bbox 360 919 1119 997; baseline 0.001 -18"><span class='ocrx_word' id='word_1_13' title='bbox 360 937 403 980; x_wconf 90' lang='lat' dir='ltr'><strong>ne</strong></span> <span class='ocrx_word' id='word_1_14' title='bbox 425 919 573 980; x_wconf 88' lang='lat' dir='ltr'><strong>diabolus</strong></span> <span class='ocrx_word' id='word_1_15' title='bbox 594 938 655 981; x_wconf 91' lang='lat' dir='ltr'><strong>vos</strong></span> <span class='ocrx_word' id='word_1_16' title='bbox 676 930 813 997; x_wconf 89' lang='lat' dir='ltr'><strong>temptet</strong></span> <span class='ocrx_word' id='word_1_17' title='bbox 834 921 874 981; x_wconf 94' lang='lat' dir='ltr'><strong>de</strong></span> <span class='ocrx_word' id='word_1_18' title='bbox 895 939 979 981; x_wconf 90' lang='lat' dir='ltr'><strong>vana</strong></span> <span class='ocrx_word' id='word_1_19' title='bbox 999 921 1119 997; x_wconf 91' lang='lat' dir='ltr'><strong>gloria:</strong></span> 
     </span>
     <span class='ocr_line' id='line_1_4' title="bbox 361 1017 1119 1094; baseline 0.001 -17"><span class='ocrx_word' id='word_1_20' title='bbox 361 1026 394 1077; x_wconf 91' lang='lat' dir='ltr'><strong>et</strong></span> <span class='ocrx_word' id='word_1_21' title='bbox 414 1017 557 1093; x_wconf 90' lang='lat' dir='ltr'><strong>perdatis</strong></span> <span class='ocrx_word' id='word_1_22' title='bbox 579 1026 726 1094; x_wconf 91' lang='lat' dir='ltr'><strong>tempora</strong></span> <span class='ocrx_word' id='word_1_23' title='bbox 739 1026 849 1078; x_wconf 87' lang='lat' dir='ltr'><strong>vestra</strong></span> <span class='ocrx_word' id='word_1_24' title='bbox 870 1035 928 1093; x_wconf 93' lang='lat' dir='ltr'><strong>pro</strong></span> <span class='ocrx_word' id='word_1_25' title='bbox 944 1018 1119 1079; x_wconf 90' lang='lat' dir='ltr'><strong>devotione</strong></span> 
     </span>
     <span class='ocr_line' id='line_1_5' title="bbox 361 1115 1118 1193; baseline 0 -18"><span class='ocrx_word' id='word_1_26' title='bbox 361 1125 393 1176; x_wconf 96' lang='lat' dir='ltr'><strong>et</strong></span> <span class='ocrx_word' id='word_1_27' title='bbox 415 1116 668 1192; x_wconf 88' lang='lat' dir='ltr'><strong>compunctione</strong></span> <span class='ocrx_word' id='word_1_28' title='bbox 689 1115 784 1176; x_wconf 92' lang='lat' dir='ltr'><strong>vobis</strong></span> <span class='ocrx_word' id='word_1_29' title='bbox 809 1115 891 1176; x_wconf 88' lang='lat' dir='ltr'><strong>data.</strong></span> <span class='ocrx_word' id='word_1_30' title='bbox 935 1116 1041 1193; x_wconf 82' lang='lat' dir='ltr'><strong>Magis</strong></span> <span class='ocrx_word' id='word_1_31' title='bbox 1064 1133 1118 1176; x_wconf 88' lang='lat' dir='ltr'><strong>ex·</strong></span> 
     </span>
     <span class='ocr_line' id='line_1_6' title="bbox 338 1213 1118 1291; baseline 0 -18"><span class='ocrx_word' id='word_1_32' title='bbox 338 1214 487 1289; x_wconf 84' lang='lat' dir='ltr'><strong>spediret</strong></span> <span class='ocrx_word' id='word_1_33' title='bbox 501 1214 613 1273; x_wconf 90' lang='lat' dir='ltr'><strong>multis</strong></span> <span class='ocrx_word' id='word_1_34' title='bbox 635 1214 722 1290; x_wconf 90' lang='lat' dir='ltr'><strong>quod</strong></span> <span class='ocrx_word' id='word_1_35' title='bbox 744 1213 923 1291; x_wconf 87' lang='lat' dir='ltr'><strong>cogitarent</strong></span> <span class='ocrx_word' id='word_1_36' title='bbox 940 1215 980 1275; x_wconf 92' lang='lat' dir='ltr'><strong>de</strong></span> <span class='ocrx_word' id='word_1_37' title='bbox 1001 1214 1118 1290; x_wconf 91' lang='lat' dir='ltr'><strong>poenis</strong></span> 
     </span>
     <span class='ocr_line' id='line_1_7' title="bbox 360 1311 1119 1389; baseline 0 -19"><span class='ocrx_word' id='word_1_38' title='bbox 360 1311 480 1371; x_wconf 82' lang='lat' dir='ltr'><strong>inlerni</strong></span> <span class='ocrx_word' id='word_1_39' title='bbox 504 1321 536 1372; x_wconf 90' lang='lat' dir='ltr'><strong>et</strong></span> <span class='ocrx_word' id='word_1_40' title='bbox 557 1312 632 1389; x_wconf 86' lang='lat' dir='ltr'><strong>igne</strong></span> <span class='ocrx_word' id='word_1_41' title='bbox 652 1312 846 1389; x_wconf 87' lang='lat' dir='ltr'><strong>purgatorii:</strong></span> <span class='ocrx_word' id='word_1_42' title='bbox 868 1330 964 1389; x_wconf 90' lang='lat' dir='ltr'><strong>quam</strong></span> <span class='ocrx_word' id='word_1_43' title='bbox 988 1312 1028 1372; x_wconf 90' lang='lat' dir='ltr'><strong>de</strong></span> <span class='ocrx_word' id='word_1_44' title='bbox 1050 1311 1119 1371; x_wconf 89' lang='lat' dir='ltr'><strong>lati·</strong></span> 
     </span>
     <span class='ocr_line' id='line_1_8' title="bbox 360 1410 1119 1471; baseline 0 -2"><span class='ocrx_word' id='word_1_45' title='bbox 360 1410 473 1470; x_wconf 93' lang='lat' dir='ltr'><strong>tudine</strong></span> <span class='ocrx_word' id='word_1_46' title='bbox 502 1410 615 1470; x_wconf 94' lang='lat' dir='ltr'><strong>mundi</strong></span> <span class='ocrx_word' id='word_1_47' title='bbox 646 1419 679 1470; x_wconf 91' lang='lat' dir='ltr'><strong>et</strong></span> <span class='ocrx_word' id='word_1_48' title='bbox 706 1411 877 1471; x_wconf 86' lang='lat' dir='ltr'><strong>altitudine</strong></span> <span class='ocrx_word' id='word_1_49' title='bbox 900 1410 991 1471; x_wconf 91' lang='lat' dir='ltr'><strong>caeli.</strong></span> <span class='ocrx_word' id='word_1_50' title='bbox 1035 1411 1119 1469; x_wconf 88' lang='lat' dir='ltr'><strong>Nam</strong></span> 
     </span>
     <span class='ocr_line' id='line_1_9' title="bbox 361 1508 1120 1587; baseline 0.003 -20"><span class='ocrx_word' id='word_1_51' title='bbox 361 1508 502 1586; x_wconf 90' lang='lat' dir='ltr'><strong>cogitare</strong></span> <span class='ocrx_word' id='word_1_52' title='bbox 524 1517 557 1568; x_wconf 91' lang='lat' dir='ltr'><strong>et</strong></span> <span class='ocrx_word' id='word_1_53' title='bbox 580 1509 669 1587; x_wconf 91' lang='lat' dir='ltr'><strong>loqui</strong></span> <span class='ocrx_word' id='word_1_54' title='bbox 692 1511 732 1571; x_wconf 98' lang='lat' dir='ltr'><strong>de</strong></span> <span class='ocrx_word' id='word_1_55' title='bbox 747 1511 917 1571; x_wconf 88' lang='lat' dir='ltr'><strong>tremendo</strong></span> <span class='ocrx_word' id='word_1_56' title='bbox 941 1510 1049 1569; x_wconf 85' lang='lat' dir='ltr'><strong>futuro</strong></span> <span class='ocrx_word' id='word_1_57' title='bbox 1071 1509 1120 1569; x_wconf 94' lang='lat' dir='ltr'><strong>iu·</strong></span> 
     </span>
     <span class='ocr_line' id='line_1_10' title="bbox 361 1605 1120 1685; baseline 0.001 -19"><span class='ocrx_word' id='word_1_58' title='bbox 361 1605 445 1666; x_wconf 91' lang='lat' dir='ltr'><strong>dicio</strong></span> <span class='ocrx_word' id='word_1_59' title='bbox 467 1616 499 1667; x_wconf 94' lang='lat' dir='ltr'><strong>et</strong></span> <span class='ocrx_word' id='word_1_60' title='bbox 520 1607 561 1667; x_wconf 90' lang='lat' dir='ltr'><strong>de</strong></span> <span class='ocrx_word' id='word_1_61' title='bbox 582 1607 753 1683; x_wconf 84' lang='lat' dir='ltr'><strong>suppliciis</strong></span> <span class='ocrx_word' id='word_1_62' title='bbox 768 1609 998 1685; x_wconf 88' lang='lat' dir='ltr'><strong>reproborum:</strong></span> <span class='ocrx_word' id='word_1_63' title='bbox 1020 1624 1120 1684; x_wconf 86' lang='lat' dir='ltr'><strong>saepe</strong></span> 
     </span>
     <span class='ocr_line' id='line_1_11' title="bbox 326 1704 1120 1782; baseline 0.003 -19"><span class='ocrx_word' id='word_1_64' title='bbox 326 1705 510 1765; x_wconf 85' lang='lat' dir='ltr'><strong>rotimorem</strong></span> <span class='ocrx_word' id='word_1_65' title='bbox 533 1705 665 1780; x_wconf 86' lang='lat' dir='ltr'><strong>incutit,</strong></span> <span class='ocrx_word' id='word_1_66' title='bbox 697 1706 751 1782; x_wconf 89' lang='lat' dir='ltr'><strong>qui</strong></span> <span class='ocrx_word' id='word_1_67' title='bbox 774 1716 825 1766; x_wconf 92' lang='lat' dir='ltr'><strong>est</strong></span> <span class='ocrx_word' id='word_1_68' title='bbox 846 1707 940 1766; x_wconf 90' lang='lat' dir='ltr'><strong>valde</strong></span> <span class='ocrx_word' id='word_1_69' title='bbox 962 1704 1051 1765; x_wconf 93' lang='lat' dir='ltr'><strong>utilis</strong></span> <span class='ocrx_word' id='word_1_70' title='bbox 1073 1716 1120 1766; x_wconf 94' lang='lat' dir='ltr'><strong>te·</strong></span> 
     </span>
     <span class='ocr_line' id='line_1_12' title="bbox 359 1803 1120 1881; baseline 0 -19"><span class='ocrx_word' id='word_1_71' title='bbox 359 1803 445 1879; x_wconf 89' lang='lat' dir='ltr'><strong>pidis</strong></span> <span class='ocrx_word' id='word_1_72' title='bbox 467 1813 499 1863; x_wconf 90' lang='lat' dir='ltr'><strong>et</strong></span> <span class='ocrx_word' id='word_1_73' title='bbox 521 1803 700 1863; x_wconf 91' lang='lat' dir='ltr'><strong>dissolutis.</strong></span> <span class='ocrx_word' id='word_1_74' title='bbox 730 1804 832 1881; x_wconf 92' lang='lat' dir='ltr'><strong>Loqui</strong></span> <span class='ocrx_word' id='word_1_75' title='bbox 848 1813 956 1863; x_wconf 90' lang='lat' dir='ltr'><strong>autem</strong></span> <span class='ocrx_word' id='word_1_76' title='bbox 973 1803 1012 1863; x_wconf 94' lang='lat' dir='ltr'><strong>de</strong></span> <span class='ocrx_word' id='word_1_77' title='bbox 1029 1803 1120 1862; x_wconf 90' lang='lat' dir='ltr'><strong>caelo</strong></span> 
     </span>
     <span class='ocr_line' id='line_1_13' title="bbox 360 1901 1119 1979; baseline 0 -19"><span class='ocrx_word' id='word_1_78' title='bbox 360 1917 516 1979; x_wconf 90' lang='lat' dir='ltr'><strong>empyreo</strong></span> <span class='ocrx_word' id='word_1_79' title='bbox 546 1911 577 1961; x_wconf 94' lang='lat' dir='ltr'><strong>et</strong></span> <span class='ocrx_word' id='word_1_80' title='bbox 602 1901 647 1960; x_wconf 87' lang='lat' dir='ltr'><strong>lX</strong></span> <span class='ocrx_word' id='word_1_81' title='bbox 672 1901 782 1961; x_wconf 89' lang='lat' dir='ltr'><strong>choris</strong></span> <span class='ocrx_word' id='word_1_82' title='bbox 813 1903 1022 1979; x_wconf 86' lang='lat' dir='ltr'><strong>angelorum,</strong></span> <span class='ocrx_word' id='word_1_83' title='bbox 1052 1917 1119 1961; x_wconf 94' lang='lat' dir='ltr'><strong>non</strong></span> 
     </span>
     <span class='ocr_line' id='line_1_14' title="bbox 361 1998 1119 2061; baseline 0.003 -4"><span class='ocrx_word' id='word_1_84' title='bbox 361 1998 505 2058; x_wconf 90' lang='lat' dir='ltr'><strong>deservit</strong></span> <span class='ocrx_word' id='word_1_85' title='bbox 525 1999 702 2059; x_wconf 90' lang='lat' dir='ltr'><strong>iuvenibus</strong></span> <span class='ocrx_word' id='word_1_86' title='bbox 724 2009 756 2059; x_wconf 94' lang='lat' dir='ltr'><strong>et</strong></span> <span class='ocrx_word' id='word_1_87' title='bbox 778 2000 1028 2061; x_wconf 79' lang='lat' dir='ltr'><strong>immortificatis</strong></span> <span class='ocrx_word' id='word_1_88' title='bbox 1050 2017 1119 2059; x_wconf 94' lang='lat' dir='ltr'><strong>mo·</strong></span> 
     </span>
    </p>
   </div>
   <div class='ocr_carea' id='block_1_3' title="bbox 327 2097 1119 2273">
    <p class='ocr_par' dir='ltr' id='par_1_3' title="bbox 327 2097 1119 2273">
     <span class='ocr_line' id='line_1_15' title="bbox 360 2097 1119 2174; baseline 0.001 -19"><span class='ocrx_word' id='word_1_89' title='bbox 360 2097 492 2172; x_wconf 89' lang='lat' dir='ltr'><strong>nachis;</strong></span> <span class='ocrx_word' id='word_1_90' title='bbox 514 2097 568 2174; x_wconf 93' lang='lat' dir='ltr'><strong>qui</strong></span> <span class='ocrx_word' id='word_1_91' title='bbox 592 2097 710 2157; x_wconf 91' lang='lat' dir='ltr'><strong>leviter</strong></span> <span class='ocrx_word' id='word_1_92' title='bbox 724 2099 924 2158; x_wconf 88' lang='lat' dir='ltr'><strong>extolluntur</strong></span> <span class='ocrx_word' id='word_1_93' title='bbox 946 2115 1019 2157; x_wconf 90' lang='lat' dir='ltr'><strong>cum</strong></span> <span class='ocrx_word' id='word_1_94' title='bbox 1042 2098 1119 2157; x_wconf 89' lang='lat' dir='ltr'><strong>sub·</strong></span> 
     </span>
     <span class='ocr_line' id='line_1_16' title="bbox 327 2194 1119 2273; baseline 0 -18"><span class='ocrx_word' id='word_1_95' title='bbox 327 2214 352 2255; x_wconf 84' lang='lat' dir='ltr'><strong>rs</strong></span> <span class='ocrx_word' id='word_1_96' title='bbox 360 2194 428 2254; x_wconf 88' lang='lat' dir='ltr'><strong>tilia</strong></span> <span class='ocrx_word' id='word_1_97' title='bbox 443 2194 551 2272; x_wconf 88' lang='lat' dir='ltr'><strong>aliqua</strong></span> <span class='ocrx_word' id='word_1_98' title='bbox 572 2196 686 2271; x_wconf 92' lang='lat' dir='ltr'><strong>legunt</strong></span> <span class='ocrx_word' id='word_1_99' title='bbox 700 2195 753 2255; x_wconf 90' lang='lat' dir='ltr'><strong>vel</strong></span> <span class='ocrx_word' id='word_1_100' title='bbox 768 2196 920 2256; x_wconf 91' lang='lat' dir='ltr'><strong>audiunt:</strong></span> <span class='ocrx_word' id='word_1_101' title='bbox 944 2197 983 2256; x_wconf 95' lang='lat' dir='ltr'><strong>de</strong></span> <span class='ocrx_word' id='word_1_102' title='bbox 999 2196 1119 2273; x_wconf 89' lang='lat' dir='ltr'><strong>quibus</strong></span> 
     </span>
    </p>
   </div>
   <div class='ocr_carea' id='block_1_4' title="bbox 324 2292 1124 3739">
    <p class='ocr_par' dir='ltr' id='par_1_4' title="bbox 324 2292 1124 3739">
     <span class='ocr_line' id='line_1_17' title="bbox 361 2292 1120 2370; baseline 0.003 -19"><span class='ocrx_word' id='word_1_103' title='bbox 361 2292 479 2352; x_wconf 93' lang='lat' dir='ltr'><strong>melius</strong></span> <span class='ocrx_word' id='word_1_104' title='bbox 501 2302 664 2368; x_wconf 90' lang='lat' dir='ltr'><strong>tacerent,</strong></span> <span class='ocrx_word' id='word_1_105' title='bbox 694 2302 726 2352; x_wconf 92' lang='lat' dir='ltr'><strong>et</strong></span> <span class='ocrx_word' id='word_1_106' title='bbox 748 2293 896 2352; x_wconf 84' lang='lat' dir='ltr'><strong>defectus</strong></span> <span class='ocrx_word' id='word_1_107' title='bbox 918 2311 997 2353; x_wconf 90' lang='lat' dir='ltr'><strong>suos</strong></span> <span class='ocrx_word' id='word_1_108' title='bbox 1019 2293 1120 2370; x_wconf 91' lang='lat' dir='ltr'><strong>inspi-</strong></span> 
     </span>
     <span class='ocr_line' id='line_1_18' title="bbox 361 2391 708 2468; baseline 0.006 -19"><span class='ocrx_word' id='word_1_109' title='bbox 361 2400 473 2451; x_wconf 88' lang='lat' dir='ltr'><strong>cerent</strong></span> <span class='ocrx_word' id='word_1_110' title='bbox 495 2399 527 2449; x_wconf 93' lang='lat' dir='ltr'><strong>et</strong></span> <span class='ocrx_word' id='word_1_111' title='bbox 548 2391 708 2468; x_wconf 88' lang='lat' dir='ltr'><strong>lugerent.</strong></span> 
     </span>
     <span class='ocr_line' id='line_1_19' title="bbox 401 2488 1121 2566; baseline 0 -17"><span class='ocrx_word' id='word_1_112' title='bbox 401 2490 529 2549; x_wconf 85' lang='lat' dir='ltr'><strong>Fratres</strong></span> <span class='ocrx_word' id='word_1_113' title='bbox 559 2500 637 2550; x_wconf 94' lang='lat' dir='ltr'><strong>tunc</strong></span> <span class='ocrx_word' id='word_1_114' title='bbox 669 2506 747 2549; x_wconf 92' lang='lat' dir='ltr'><strong>vere</strong></span> <span class='ocrx_word' id='word_1_115' title='bbox 779 2489 945 2565; x_wconf 91' lang='lat' dir='ltr'><strong>sapienter</strong></span> <span class='ocrx_word' id='word_1_116' title='bbox 975 2488 1070 2566; x_wconf 91' lang='lat' dir='ltr'><strong>agitis</strong></span> <span class='ocrx_word' id='word_1_117' title='bbox 1092 2489 1121 2549; x_wconf 87' lang='lat' dir='ltr'><strong>si</strong></span> 
     </span>
     <span class='ocr_line' id='line_1_20' title="bbox 361 2586 1122 2664; baseline 0.001 -19"><span class='ocrx_word' id='word_1_118' title='bbox 361 2586 558 2664; x_wconf 91' lang='lat' dir='ltr'><strong>cognoscitis</strong></span> <span class='ocrx_word' id='word_1_119' title='bbox 589 2586 668 2645; x_wconf 90' lang='lat' dir='ltr'><strong>vitia</strong></span> <span class='ocrx_word' id='word_1_120' title='bbox 698 2596 824 2646; x_wconf 90' lang='lat' dir='ltr'><strong>vestra:</strong></span> <span class='ocrx_word' id='word_1_121' title='bbox 861 2595 893 2646; x_wconf 91' lang='lat' dir='ltr'><strong>et</strong></span> <span class='ocrx_word' id='word_1_122' title='bbox 927 2586 1046 2646; x_wconf 91' lang='lat' dir='ltr'><strong>acriter</strong></span> <span class='ocrx_word' id='word_1_123' title='bbox 1081 2587 1122 2647; x_wconf 94' lang='lat' dir='ltr'><strong>de</strong></span> 
     </span>
     <span class='ocr_line' id='line_1_21' title="bbox 324 2683 1122 2762; baseline 0 -19"><span class='ocrx_word' id='word_1_124' title='bbox 324 2684 513 2744; x_wconf 81' lang='lat' dir='ltr'><strong>aoomnibus</strong></span> <span class='ocrx_word' id='word_1_125' title='bbox 535 2684 629 2744; x_wconf 92' lang='lat' dir='ltr'><strong>malis</strong></span> <span class='ocrx_word' id='word_1_126' title='bbox 645 2684 764 2744; x_wconf 92' lang='lat' dir='ltr'><strong>doletis</strong></span> <span class='ocrx_word' id='word_1_127' title='bbox 780 2701 863 2762; x_wconf 91' lang='lat' dir='ltr'><strong>quae</strong></span> <span class='ocrx_word' id='word_1_128' title='bbox 880 2683 1015 2743; x_wconf 86' lang='lat' dir='ltr'><strong>fecistis.</strong></span> <span class='ocrx_word' id='word_1_129' title='bbox 1045 2684 1122 2743; x_wconf 91' lang='lat' dir='ltr'><strong>Heu</strong></span> 
     </span>
     <span class='ocr_line' id='line_1_22' title="bbox 361 2782 1122 2859; baseline 0.001 -18"><span class='ocrx_word' id='word_1_130' title='bbox 361 2791 481 2859; x_wconf 89' lang='lat' dir='ltr'><strong>quanta</strong></span> <span class='ocrx_word' id='word_1_131' title='bbox 501 2783 587 2841; x_wconf 90' lang='lat' dir='ltr'><strong>bona</strong></span> <span class='ocrx_word' id='word_1_132' title='bbox 608 2783 698 2842; x_wconf 93' lang='lat' dir='ltr'><strong>omni</strong></span> <span class='ocrx_word' id='word_1_133' title='bbox 722 2784 803 2842; x_wconf 91' lang='lat' dir='ltr'><strong>hora</strong></span> <span class='ocrx_word' id='word_1_134' title='bbox 824 2782 954 2842; x_wconf 87' lang='lat' dir='ltr'><strong>otiando</strong></span> <span class='ocrx_word' id='word_1_135' title='bbox 976 2790 1009 2842; x_wconf 93' lang='lat' dir='ltr'><strong>et</strong></span> <span class='ocrx_word' id='word_1_136' title='bbox 1032 2783 1122 2842; x_wconf 90' lang='lat' dir='ltr'><strong>fabu-</strong></span> 
     </span>
     <span class='ocr_line' id='line_1_23' title="bbox 362 2879 1122 2957; baseline 0 -19"><span class='ocrx_word' id='word_1_137' title='bbox 362 2879 457 2939; x_wconf 88' lang='lat' dir='ltr'><strong>lando</strong></span> <span class='ocrx_word' id='word_1_138' title='bbox 483 2880 636 2955; x_wconf 89' lang='lat' dir='ltr'><strong>perditis:</strong></span> <span class='ocrx_word' id='word_1_139' title='bbox 666 2898 750 2957; x_wconf 90' lang='lat' dir='ltr'><strong>quae</strong></span> <span class='ocrx_word' id='word_1_140' title='bbox 779 2880 954 2940; x_wconf 90' lang='lat' dir='ltr'><strong>laborando</strong></span> <span class='ocrx_word' id='word_1_141' title='bbox 983 2879 1122 2939; x_wconf 89' lang='lat' dir='ltr'><strong>tacendo</strong></span> 
     </span>
     <span class='ocr_line' id='line_1_24' title="bbox 361 2977 1123 3054; baseline 0.001 -19"><span class='ocrx_word' id='word_1_142' title='bbox 361 2985 393 3035; x_wconf 94' lang='lat' dir='ltr'><strong>et</strong></span> <span class='ocrx_word' id='word_1_143' title='bbox 424 2977 545 3036; x_wconf 90' lang='lat' dir='ltr'><strong>orando</strong></span> <span class='ocrx_word' id='word_1_144' title='bbox 577 2978 697 3038; x_wconf 90' lang='lat' dir='ltr'><strong>lucrari</strong></span> <span class='ocrx_word' id='word_1_145' title='bbox 726 2978 873 3054; x_wconf 80' lang='lat' dir='ltr'><strong>potestis</strong></span> <span class='ocrx_word' id='word_1_146' title='bbox 927 2977 1123 3053; x_wconf 88' lang='lat' dir='ltr'><strong>Proponatis</strong></span> 
     </span>
     <span class='ocr_line' id='line_1_25' title="bbox 361 3074 1124 3151; baseline 0.001 -18"><span class='ocrx_word' id='word_1_147' title='bbox 361 3091 438 3151; x_wconf 90' lang='lat' dir='ltr'><strong>ergo</strong></span> <span class='ocrx_word' id='word_1_148' title='bbox 462 3074 598 3135; x_wconf 85' lang='lat' dir='ltr'><strong>firmiter</strong></span> <span class='ocrx_word' id='word_1_149' title='bbox 619 3093 679 3136; x_wconf 91' lang='lat' dir='ltr'><strong>vos</strong></span> <span class='ocrx_word' id='word_1_150' title='bbox 700 3077 875 3137; x_wconf 89' lang='lat' dir='ltr'><strong>emendare</strong></span> <span class='ocrx_word' id='word_1_151' title='bbox 898 3084 930 3135; x_wconf 90' lang='lat' dir='ltr'><strong>et</strong></span> <span class='ocrx_word' id='word_1_152' title='bbox 955 3075 1124 3136; x_wconf 85' lang='lat' dir='ltr'><strong>ferventer</strong></span> 
     </span>
     <span class='ocr_line' id='line_1_26' title="bbox 325 3172 1122 3248; baseline 0 -16"><span class='ocrx_word' id='word_1_153' title='bbox 325 3172 537 3248; x_wconf 75' lang='lat' dir='ltr'><strong>asprolicere:</strong></span> <span class='ocrx_word' id='word_1_154' title='bbox 560 3183 592 3233; x_wconf 94' lang='lat' dir='ltr'><strong>et</strong></span> <span class='ocrx_word' id='word_1_155' title='bbox 614 3173 647 3233; x_wconf 92' lang='lat' dir='ltr'><strong>in</strong></span> <span class='ocrx_word' id='word_1_156' title='bbox 669 3173 784 3234; x_wconf 90' lang='lat' dir='ltr'><strong>ordine</strong></span> <span class='ocrx_word' id='word_1_157' title='bbox 801 3183 990 3233; x_wconf 89' lang='lat' dir='ltr'><strong>constanter</strong></span> <span class='ocrx_word' id='word_1_158' title='bbox 1010 3189 1122 3248; x_wconf 89' lang='lat' dir='ltr'><strong>perse·</strong></span> 
     </span>
     <span class='ocr_line' id='line_1_27' title="bbox 361 3270 1121 3346; baseline 0 -17"><span class='ocrx_word' id='word_1_159' title='bbox 361 3287 485 3331; x_wconf 91' lang='lat' dir='ltr'><strong>verare.</strong></span> <span class='ocrx_word' id='word_1_160' title='bbox 529 3270 729 3346; x_wconf 87' lang='lat' dir='ltr'><strong>Saepissime</strong></span> <span class='ocrx_word' id='word_1_161' title='bbox 760 3271 873 3331; x_wconf 91' lang='lat' dir='ltr'><strong>oculos</strong></span> <span class='ocrx_word' id='word_1_162' title='bbox 895 3278 1024 3329; x_wconf 88' lang='lat' dir='ltr'><strong>vestros</strong></span> <span class='ocrx_word' id='word_1_163' title='bbox 1047 3287 1121 3329; x_wconf 91' lang='lat' dir='ltr'><strong>cum</strong></span> 
     </span>
     <span class='ocr_line' id='line_1_28' title="bbox 361 3367 1123 3445; baseline -0.003 -17"><span class='ocrx_word' id='word_1_164' title='bbox 361 3368 476 3428; x_wconf 92' lang='lat' dir='ltr'><strong>humili</strong></span> <span class='ocrx_word' id='word_1_165' title='bbox 500 3386 597 3445; x_wconf 88' lang='lat' dir='ltr'><strong>prece</strong></span> <span class='ocrx_word' id='word_1_166' title='bbox 615 3369 721 3428; x_wconf 89' lang='lat' dir='ltr'><strong>levate</strong></span> <span class='ocrx_word' id='word_1_167' title='bbox 744 3369 783 3427; x_wconf 92' lang='lat' dir='ltr'><strong>ad</strong></span> <span class='ocrx_word' id='word_1_168' title='bbox 800 3368 977 3428; x_wconf 90' lang='lat' dir='ltr'><strong>Dominum</strong></span> <span class='ocrx_word' id='word_1_169' title='bbox 1000 3367 1035 3427; x_wconf 96' lang='lat' dir='ltr'><strong>in</strong></span> <span class='ocrx_word' id='word_1_170' title='bbox 1051 3384 1123 3427; x_wconf 89' lang='lat' dir='ltr'><strong>cae·</strong></span> 
     </span>
     <span class='ocr_line' id='line_1_29' title="bbox 361 3464 1122 3544; baseline 0 -19"><span class='ocrx_word' id='word_1_171' title='bbox 361 3466 403 3526; x_wconf 89' lang='lat' dir='ltr'><strong>lis</strong></span> <span class='ocrx_word' id='word_1_172' title='bbox 424 3467 601 3544; x_wconf 92' lang='lat' dir='ltr'><strong>gemendo:</strong></span> <span class='ocrx_word' id='word_1_173' title='bbox 624 3467 711 3526; x_wconf 91' lang='lat' dir='ltr'><strong>etin</strong></span> <span class='ocrx_word' id='word_1_174' title='bbox 734 3475 862 3525; x_wconf 92' lang='lat' dir='ltr'><strong>secreto</strong></span> <span class='ocrx_word' id='word_1_175' title='bbox 889 3464 997 3525; x_wconf 87' lang='lat' dir='ltr'><strong>cordis</strong></span> <span class='ocrx_word' id='word_1_176' title='bbox 1020 3466 1122 3525; x_wconf 89' lang='lat' dir='ltr'><strong>vestri</strong></span> 
     </span>
     <span class='ocr_line' id='line_1_30' title="bbox 361 3563 1121 3641; baseline 0.001 -17"><span class='ocrx_word' id='word_1_177' title='bbox 361 3582 420 3641; x_wconf 88' lang='lat' dir='ltr'><strong>pro</strong></span> <span class='ocrx_word' id='word_1_178' title='bbox 442 3564 570 3625; x_wconf 90' lang='lat' dir='ltr'><strong>delictis</strong></span> <span class='ocrx_word' id='word_1_179' title='bbox 592 3566 725 3626; x_wconf 87' lang='lat' dir='ltr'><strong>orando.</strong></span> <span class='ocrx_word' id='word_1_180' title='bbox 767 3563 863 3624; x_wconf 88' lang='lat' dir='ltr'><strong>Tales</strong></span> <span class='ocrx_word' id='word_1_181' title='bbox 887 3565 978 3624; x_wconf 90' lang='lat' dir='ltr'><strong>Deus</strong></span> <span class='ocrx_word' id='word_1_182' title='bbox 1001 3564 1121 3641; x_wconf 90' lang='lat' dir='ltr'><strong>diligit:</strong></span> 
     </span>
     <span class='ocr_line' id='line_1_31' title="bbox 325 3662 1123 3739; baseline -0.001 -17"><span class='ocrx_word' id='word_1_183' title='bbox 325 3662 417 3739; x_wconf 79' lang='lat' dir='ltr'><strong>aoqui</strong></span> <span class='ocrx_word' id='word_1_184' title='bbox 434 3663 532 3722; x_wconf 89' lang='lat' dir='ltr'><strong>corda</strong></span> <span class='ocrx_word' id='word_1_185' title='bbox 546 3680 606 3722; x_wconf 89' lang='lat' dir='ltr'><strong>sua</strong></span> <span class='ocrx_word' id='word_1_186' title='bbox 627 3662 666 3721; x_wconf 92' lang='lat' dir='ltr'><strong>ad</strong></span> <span class='ocrx_word' id='word_1_187' title='bbox 683 3662 836 3722; x_wconf 89' lang='lat' dir='ltr'><strong>caelestia</strong></span> <span class='ocrx_word' id='word_1_188' title='bbox 857 3662 990 3738; x_wconf 89' lang='lat' dir='ltr'><strong>saepius</strong></span> <span class='ocrx_word' id='word_1_189' title='bbox 1011 3663 1123 3723; x_wconf 90' lang='lat' dir='ltr'><strong>levant</strong></span> 
     </span>
    </p>
   </div>
   <div class='ocr_carea' id='block_1_5' title="bbox 362 3760 1121 3906">
    <p class='ocr_par' dir='ltr' id='par_1_5' title="bbox 362 3760 1121 3906">
     <span class='ocr_line' id='line_1_32' title="bbox 362 3760 1121 3836; baseline 0 -17"><span class='ocrx_word' id='word_1_190' title='bbox 362 3770 394 3820; x_wconf 92' lang='lat' dir='ltr'><strong>et</strong></span> <span class='ocrx_word' id='word_1_191' title='bbox 424 3768 527 3820; x_wconf 88' lang='lat' dir='ltr'><strong>orant.</strong></span> <span class='ocrx_word' id='word_1_192' title='bbox 571 3760 726 3820; x_wconf 90' lang='lat' dir='ltr'><strong>Libenter</strong></span> <span class='ocrx_word' id='word_1_193' title='bbox 757 3760 897 3836; x_wconf 90' lang='lat' dir='ltr'><strong>ignoscit</strong></span> <span class='ocrx_word' id='word_1_194' title='bbox 927 3760 1035 3835; x_wconf 91' lang='lat' dir='ltr'><strong>culpis</strong></span> <span class='ocrx_word' id='word_1_195' title='bbox 1066 3777 1121 3820; x_wconf 93' lang='lat' dir='ltr'><strong>ve·</strong></span> 
     </span>
     <span class='ocr_line' id='line_1_33' title="bbox 727 3864 755 3906; baseline 0 0"><span class='ocrx_word' id='word_1_196' title='bbox 727 3864 755 3906; x_wconf 83' lang='lat' dir='ltr'><strong>oz</strong></span> 
     </span>
    </p>
   </div>
   <div class='ocr_carea' id='block_1_6' title="bbox 0 0 1356 4659">
    <p class='ocr_par' dir='ltr' id='par_1_6' title="bbox 0 0 1356 4659">
     <span class='ocr_line' id='line_1_34' title="bbox 0 0 1356 4659; baseline 0 0"><span class='ocrx_word' id='word_1_197' title='bbox 0 0 1356 4659; x_wconf 95' lang='lat' dir='ltr'><strong> </strong></span> 
     </span>
    </p>
   </div>
  </div>
 </body>
</html>
