2692 4659
256 819 391 896 quidem
415 835 501 877 unus
523 834 637 877 eorum
654 815 708 892 qui
733 816 843 875 lumen
866 824 1014 875 tenuerat

256 928 284 978 et
318 915 469 977 convicia
500 914 615 991 virgini
649 914 816 988 intulerat3
851 912 884 972 in
920 923 1013 989 portu

256 1031 359 1091 prope
397 1014 583 1074 Rotterdam
619 1011 749 1088 navigio
778 1011 933 1086 veniens,
975 1012 1014 1071 ab

256 1131 321 1173 una
348 1121 440 1188 parte
468 1112 561 1171 navis
590 1111 630 1170 ad
651 1110 764 1185 aliam,
793 1110 885 1187 quasi
907 1109 1014 1169 valido

256 1220 356 1271 vento
388 1210 544 1286 agitatae,
575 1226 593 1268 a
624 1208 770 1284 principe
806 1207 1037 1267 tenebrarums
1120 1275 1122 1279 μ

256 1309 451 1368 submersus
480 1317 546 1366 est:
575 1317 672 1382 atque
699 1305 864 1365 confracta
885 1303 1014 1364 cervice

256 1415 407 1465 mortuus
418 1414 592 1479 extractus,
608 1404 639 1463 in
652 1403 850 1464 coemeterio
866 1403 1014 1478 sepultus

256 1513 316 1563 est.
350 1502 523 1563 Secundus
545 1519 645 1578 prope
661 1501 831 1561 Zerixeam
848 1499 880 1559 in
898 1499 1013 1559 furiam

256 1619 459 1676 conversus,
489 1617 531 1660 ne
560 1609 751 1676 praesentes
783 1598 942 1658 laederet:
974 1597 1014 1656 de

257 1699 332 1758 navi
355 1699 388 1759 in
411 1700 565 1773 scapham
594 1696 778 1773 proiectus,
806 1714 843 1756 ac
866 1705 1050 1755 mortuusro

259 1797 416 1871 sublatus
445 1796 477 1855 in
504 1795 635 1856 civitate
665 1788 814 1870 sepultus
843 1804 902 1854 est.
938 1791 1014 1853 Ter-

262 1893 323 1953 tius
344 1894 505 1968 militaris,
527 1892 559 1959 in
575 1892 662 1952 bello
682 1910 860 1968 percussus
883 1891 1014 1951 interiit.

266 1990 405 2066 Quartus
427 1991 482 2068 qui
505 2008 542 2050 se
565 1989 727 2050 medicum
753 1991 911 2050 fatebatur
930 1990 1014 2066 apud

268 2085 387 2149 Slusam
410 2088 580 2165 apoplexia
601 2097 706 2148 tactus
728 2088 897 2149 obmutuit.
920 2088 1014 2148 Vnde

270 2186 427 2246 alamulo
464 2204 524 2246 suo
559 2185 745 2245 admonitus
777 2187 816 2246 de
847 2186 900 2246 his
930 2202 1050 2263 quaeis

272 2295 335 2343 curn
369 2284 443 2344 aliis
479 2293 591 2344 contra
621 2284 781 2360 virginem
818 2293 943 2360 egerat,
983 2292 1014 2343 et

272 2382 427 2451 quaesitus
442 2400 482 2442 an
499 2383 538 2442 de
554 2382 728 2458 praedictis
744 2383 884 2443 doleret:
906 2392 1014 2458 postu-

272 2471 338 2540 lanti
367 2499 427 2557 per
447 2490 568 2541 tactum
598 2498 715 2556 manus
744 2490 776 2540 et
797 2491 909 2556 gestus
938 2479 1015 2555 oris,

270 2579 498 2655 qualecumque
520 2577 649 2654 signum
666 2578 886 2654 paenitudinis
907 2587 1014 2637 osten·

272 2669 350 2752 dens,
365 2678 541 2737 defunctus
557 2686 616 2736 est.
648 2676 802 2736 Famulus
818 2685 925 2735 autem
942 2675 1050 2734 eiusao

271 2781 371 2839 postea
384 2776 425 2835 ad
439 2774 599 2852 virginem
616 2774 770 2835 veniens:
786 2792 844 2850 pro
861 2772 1013 2849 magistro

271 2872 386 2932 veniam
417 2890 491 2933 curn
520 2871 664 2931 lacrimis
693 2872 784 2948 petiit
813 2881 844 2932 et
866 2870 1013 2931 obtinuit.

269 2956 368 3029 Flebat
390 2988 468 3047 ergo
490 2971 581 3048 virgo
604 2980 716 3031 sancta
743 2971 844 3031 multo
867 2980 1014 3045 ternpore

268 3055 314 3123 his
326 3066 504 3143 perceptis:
519 3085 585 3128 non
601 3086 660 3128 sua
670 3069 816 3143 vulnera,
831 3067 888 3127 sed
900 3084 1013 3127 eorum

267 3164 474 3230 perditionem
497 3175 594 3242 atque
617 3166 743 3225 scelera
764 3164 939 3225 commissa
961 3165 1050 3225 deas

267 3259 398 3328 plorans.
429 3262 697 3324 Consistentibus
712 3272 820 3322 autem
842 3263 927 3338 apud
943 3280 1013 3323 earn

267 3361 440 3421 rectoribus
456 3359 612 3420 civitatis:
627 3359 671 3419 ait
681 3360 720 3419 ad
732 3377 789 3420 eos
799 3360 891 3436 virgo
907 3360 1015 3421 futura

266 3459 484 3523 praedicendo.
508 3459 574 3535 Ego
585 3457 717 3534 quidem
729 3474 815 3517 nunc
827 3459 907 3517 haec
919 3474 1014 3531 passa

267 3562 349 3616 Sum:
376 3557 435 3617 sed
457 3556 551 3616 vobis
573 3555 722 3615 imminet
748 3554 903 3614 iudicium
927 3555 1012 3631 quod

270 3641 423 3721 ignoratis.
467 3654 538 3713 Nec
569 3653 671 3712 multo
703 3661 776 3728 post
807 3670 880 3712 cum
913 3652 1049 3728 aliquiao

271 3754 371 3810 eorum
388 3750 481 3828 quasi
505 3750 688 3827 proditores
704 3749 844 3811 civitatis
859 3750 1012 3825 accusati,

612 3856 653 3897 aaa
