2692 4659
276 848 368 908 quae
396 830 504 909 legitis
533 839 565 891 et
593 831 739 892 cantatis.
783 830 918 908 incipite
943 833 1039 892 modo

278 928 442 988 caelibem
465 927 563 988 vitam
586 928 710 989 ducere
726 946 800 989 cum
823 928 965 1005 angelis3
987 946 1040 1004 pa·

279 1042 356 1085 cem
379 1035 413 1086 et
434 1026 641 1086 concordiam
657 1034 767 1087 tenete
783 1043 857 1087 cum
873 1026 1040 1087 omnibus:

280 1124 365 1184 nulli
400 1123 543 1184 scandali
576 1124 784 1185 occasionem
816 1125 899 1185 detis
929 1124 1040 1185 verbis

281 1223 336 1282 vel
367 1222 493 1282 actibus
522 1222 704 1283 offensivis.
748 1223 784 1283 ln
807 1221 932 1283 Christi
960 1221 1062 1281 cari-s

280 1330 349 1380 tate
380 1328 568 1396 supportate
598 1318 866 1396 imperfectiones
897 1319 1041 1380 inlirmo·

282 1433 374 1475 rum:
405 1433 470 1476 non
499 1427 608 1477 tamen
637 1417 850 1479 consentiatis
873 1417 963 1478 vitiis
986 1426 1041 1477 aut

283 1514 430 1591 querelis
458 1532 582 1576 eorum.
632 1515 733 1577 Orate
764 1516 954 1592 frequenter
982 1530 1040 1590 pro

282 1611 446 1672 tribulatis
468 1623 501 1673 et
526 1614 708 1690 temptatis:
736 1614 848 1675 timete
876 1631 918 1674 ne
946 1612 1040 1673 vobis

283 1709 406 1769 similia
427 1711 627 1788 contingant,
647 1722 703 1772 aut
725 1711 837 1788 peiora
855 1710 1076 1771 incurratisro
1162 1757 1165 1763 .

284 1807 450 1869 Omnibus
464 1817 572 1868 autem
589 1809 775 1884 exemplum
791 1824 889 1869 verae
911 1808 1041 1869 humili·

285 1906 370 1982 tatis,
385 1905 659 1981 mansuetudinis,
673 1906 858 1982 patientiae,
875 1905 1041 1966 taciturni·

285 2002 359 2062 tatis
382 2013 414 2064 et
436 2003 663 2065 oboedientiae
679 2004 847 2065 exhibete:
870 2013 904 2064 ut
926 2020 1041 2079 peren·

286 2117 360 2161 nem
383 2118 402 2160 a
424 2102 495 2162 Deo
517 2104 704 2163 mercedem
727 2118 801 2162 cum
821 2100 944 2162 sanctis
968 2101 1040 2161 eius

287 2207 318 2258 et
346 2198 462 2259 electis
490 2199 524 2259 in
551 2200 642 2261 caelo
669 2199 843 2276 recipiatis.
891 2199 924 2260 Si
952 2199 1039 2259 enim
1052 2218 1077 2259 15

287 2295 457 2356 minimum
472 2298 625 2373 gaudium
642 2297 902 2375 cognosceretis3
917 2297 955 2357 ad
974 2314 1041 2358 om·

287 2392 339 2452 nia
369 2411 454 2470 quae
483 2396 553 2455 Deo
583 2397 712 2472 placent
743 2395 978 2456 convolaretis:
1010 2405 1041 2456 et

287 2489 324 2549 ad
346 2490 484 2551 chorum
506 2493 560 2552 ubi
584 2493 695 2554 divina
716 2502 749 2554 et
764 2492 917 2553 caelestia
937 2492 989 2553 die
1004 2509 1041 2552 ac

287 2597 382 2647 nocte
404 2597 582 2651 tractantur
604 2590 814 2652 lestinaretis.
855 2589 942 2651 Cum
965 2607 1041 2667 ergo

288 2685 429 2745 taedium
452 2687 560 2747 cordis
582 2688 712 2749 sentitis
735 2706 774 2749 ex
790 2705 890 2748 onere
908 2688 1078 2748 laboriszzo

289 2783 423 2844 recolite
444 2795 577 2846 aeterna
597 2776 742 2863 praemia
766 2786 928 2863 promissa
949 2786 1043 2847 vobis

289 2881 454 2943 incaelis.
489 2885 584 2944 Vnde
605 2884 721 2945 beatus
745 2884 867 2945 Paulus
891 2884 945 2960 qui
969 2884 1042 2959 plus

288 2979 441 3039 omnibus
463 2980 630 3057 laboravit,
652 2982 762 3059 pigros
785 2982 965 3057 excitando,
989 2983 1043 3042 de-

287 3078 370 3138 biles
392 3078 622 3140 confortando:
644 3079 730 3141 inter
751 3079 879 3140 labores
899 3081 938 3140 ad
954 3096 1043 3140 men·

286 3189 351 3238 tem
368 3177 524 3237 caelestia
539 3177 712 3238 revocabat
728 3176 851 3237 dicens.
875 3175 948 3235 Non
967 3186 1079 3239 suntzs

287 3275 469 3352 condignae
491 3275 662 3352 passiones
685 3274 784 3335 huius
805 3273 979 3350 temporis:
1003 3274 1042 3334 ad

286 3374 430 3434 futuram
443 3372 579 3449 gloriam
591 3390 675 3451 quae
686 3373 884 3433 revelabitur
894 3373 928 3432 in
939 3372 1043 3433 nobis.

286 3472 477 3548 Numquam
500 3472 618 3548 poterit
640 3470 702 3532 Dei
725 3487 843 3531 servus
864 3470 951 3530 vinci
975 3487 1043 3531 cer-

284 3570 419 3646 tamine,
434 3586 497 3629 nec
511 3570 637 3646 gravari
653 3569 823 3646 temporali
840 3569 965 3630 labore:
989 3571 1043 3646 qui

284 3679 420 3730 aeterna
441 3668 527 3729 bona
555 3670 607 3730 vel
630 3669 714 3729 mala
742 3685 874 3744 semper
900 3668 983 3745 gerit
1011 3668 1080 3730 inso

284 3776 407 3827 mente.
452 3767 519 3843 Qui
540 3785 619 3844 ergo
648 3767 812 3827 desiderat
839 3766 960 3826 habere
989 3782 1069 3825 cor.

657 3872 679 3914 ιι
