2692 4659
225 726 551 778 &mmmm
569 725 648 767 xxvii
667 726 991 779 mmmmm)

228 859 353 918 habere
389 858 525 933 meruit3
560 858 636 935 quia
668 859 824 920 mundum
857 859 991 935 sprevit,

228 973 363 1016 carnem
381 956 519 1016 domuit:
535 955 698 1016 diabolum
713 955 801 1031 vicit,
816 965 990 1033 tyrannum

228 1053 361 1130 derisit3
371 1053 517 1129 praemia
527 1054 672 1128 calcavit,
684 1071 806 1130 poenas
815 1053 991 1129 superavit,

229 1161 260 1211 et
270 1151 310 1210 ad
322 1151 449 1213 Christi
460 1151 594 1228 gloriam
606 1170 664 1228 pro
674 1152 810 1214 Christo
821 1152 990 1212 moriendo

231 1246 425 1307 felicissimo
455 1247 519 1309 fine
547 1250 706 1325 pervenit.
750 1251 846 1311 Nunc
875 1267 1013 1310 omness

231 1345 352 1419 pariter
367 1362 500 1406 oremus
516 1356 547 1407 et
562 1348 742 1408 clamemus
757 1348 796 1407 ad
813 1348 989 1407 Dominum

233 1453 380 1504 nostrum
392 1444 501 1503 lesum
514 1444 696 1520 Christum,
708 1454 884 1505 amatorem
897 1445 990 1504 casti·

235 1543 322 1618 tatis,
347 1542 555 1602 innocentiae
577 1552 609 1603 et
631 1544 739 1603 omnis
761 1542 927 1618 puritatis3
956 1551 990 1602 ut

192 1719 193 1726 ἵ
237 1638 345 1700 doceat
381 1656 442 1699 nos
478 1641 656 1718 angelicam
689 1640 788 1701 vitam
820 1640 853 1699 in
885 1639 989 1716 fragili

192 1743 193 1774 ἒ
239 1752 329 1797 carne
351 1737 487 1798 imitari:
514 1747 546 1798 et
568 1756 641 1798 cum
665 1738 787 1798 sanctis
809 1737 990 1814 virginibus
1002 1759 1026 1798 ro

241 1834 411 1895 castitatem
442 1835 561 1895 mentis
591 1845 623 1895 et
647 1836 793 1912 corporis
815 1835 990 1911 praecipue

243 1946 357 2009 amare,
384 1933 534 1993 venerari
563 1943 594 1993 et
623 1949 830 1992 conservare.
872 1931 989 1993 Amen.

539 2170 683 2221 ORATIO.

246 2261 351 2484 Q
374 2324 564 2385 dulcissime
588 2325 729 2385 Domine
754 2325 829 2385 lesu
854 2325 989 2386 Christe

249 2433 269 2476 b
374 2422 435 2482 llos
451 2422 596 2482 omnium
615 2423 783 2498 virtutum,
805 2423 989 2483 castissime
1001 2437 1026 2477 15

246 2529 355 2580 amator
374 2520 548 2596 virginum,
571 2520 750 2582 fortissime
765 2520 902 2581 bellator
917 2522 989 2581 dae-

247 2624 376 2693 monum,
399 2616 606 2677 strictissime
629 2617 805 2693 extirpator
826 2620 990 2696 vitiorum,

248 2702 437 2787 fragilitatem
467 2731 572 2774 meam
602 2716 762 2792 propitius
785 2719 929 2794 respice,
958 2728 989 2779 et

247 2820 294 2878 per
324 2812 597 2873 intercessionem
632 2813 841 2875 beatissimae
878 2817 990 2877 matris

238 2907 307 2967 ¹luae
326 2910 464 2987 virginis
479 2911 616 2987 Mariae,
638 2921 669 2972 et
692 2912 828 2973 dilectae
849 2924 1025 2990 sponsae2⁰

248 3005 307 3065 luae
327 3018 458 3068 sanctae
473 3007 611 3085 Agnetis
632 3010 769 3087 virginis
785 3028 821 3070 ac
837 3012 989 3089 martyris

249 3105 447 3181 venerandae,
469 3105 624 3165 auxilium
648 3107 728 3167 mihi
748 3125 910 3183 supernae
926 3109 989 3168 vir-

248 3200 310 3260 tutis
330 3204 494 3280 impende,
519 3214 554 3264 ut
576 3203 698 3264 discam
721 3215 852 3266 terrena
873 3216 989 3265 cuncta

250 3290 400 3375 despicere
430 3311 462 3361 et
490 3317 598 3360 amare
628 3302 798 3377 caelestia,
826 3303 914 3362 vitiis
940 3319 988 3362 re·

250 3389 359 3474 sistere,
380 3408 413 3459 et
427 3398 695 3473 temptationibus
710 3416 775 3458 non
792 3399 988 3474 consentire,
997 3413 1025 3453 25

250 3485 404 3556 virtutibus
440 3495 576 3556 firmiter
611 3496 809 3572 adhaerere,
845 3498 988 3556 honores

252 3579 354 3669 fugere,
376 3594 511 3654 delicias
530 3594 643 3670 vitare,
665 3606 798 3671 peccata
813 3593 988 3653 commissa

251 3681 397 3766 Plangere,
419 3692 611 3752 occasiones
633 3693 793 3752 malorum
816 3709 948 3767 cavere,
969 3710 987 3751 a

252 3790 331 3848 trava
350 3788 588 3849 consuetudine
605 3790 780 3864 abstinere,
803 3806 876 3849 cum
892 3790 987 3849 bonis

588 3894 630 3935 zoo
