2692 4659
244 575 1006 697 mmmm

247 778 433 854 sepultura,
460 776 609 837 revestiri
633 776 783 849 deberet,
809 774 1006 833 invenerunt

246 875 301 951 qui
335 874 469 934 aderant
505 873 591 933 circa
626 872 777 947 scapulas
808 871 881 931 eius
915 888 1007 947 prae·

248 972 377 1061 dicturn
391 971 569 1049 cingulum,
590 990 609 1032 a
623 988 760 1047 corpore
776 971 847 1031 eius
863 972 1005 1031 solutum

248 1070 345 1129 modo
362 1069 551 1129 hominibus
571 1070 697 1146 ignoto:
720 1069 778 1129 sed
793 1069 955 1145 integrum
973 1067 1006 1127 in

248 1166 442 1241 rotundum,
471 1176 503 1226 et
531 1167 712 1227 avinculis
744 1167 899 1243 ligaturae
928 1182 1030 1225 suaes

248 1282 313 1324 non
337 1265 491 1324 solutum.

290 1362 434 1422 Petierat
456 1371 563 1421 autern
587 1362 642 1422 diu
668 1372 742 1422 ante
765 1361 887 1420 obitum
911 1378 1006 1420 suum

249 1480 266 1521 a
288 1478 389 1536 supra
410 1471 589 1519 memorato
612 1460 744 1519 domino
766 1461 909 1519 iohanne
932 1475 1007 1517 con-

250 1560 379 1619 iessore
409 1575 488 1618 suo:
525 1559 611 1635 quod
643 1576 708 1618 non
741 1568 905 1634 pateretur
936 1574 1006 1615 eam

249 1666 323 1733 post
359 1669 517 1732 mortem,
553 1657 680 1733 longam
718 1658 846 1716 trahere
883 1672 1005 1714 moram
1020 1673 1044 1712 ιο

249 1772 350 1830 super
372 1764 508 1830 terram3
530 1755 588 1814 sed
604 1755 712 1815 statim
729 1762 918 1830 procuraret
935 1771 1006 1813 eam

249 1853 418 1913 investiri:
441 1864 473 1913 et
492 1854 673 1913 secundum
691 1853 821 1912 modurn
837 1853 877 1911 ab
892 1868 930 1910 ea
946 1850 1006 1909 sibi

249 1951 446 2027 dispositum
477 1952 598 2011 iaceret
627 1951 770 2026 sepeliri.
813 1949 910 2025 Quod
933 1965 1006 2008 curn

249 2049 304 2108 ille
316 2048 457 2108 libenter
468 2048 617 2109 fecisset:
630 2048 805 2123 impeditus
817 2056 867 2106 est
877 2056 1009 2123 propter

249 2146 439 2206 violentiam
463 2156 625 2206 rectorum
649 2145 790 2206 civitatis
818 2145 937 2220 quibus
959 2161 1008 2202 re·
1020 2163 1044 2203 15

248 2244 369 2304 sistere
391 2260 456 2302 non
478 2254 613 2320 poterat.
658 2244 896 2317 Praeceperant
920 2242 1007 2300 enim

248 2341 278 2401 ei
302 2341 365 2401 sub
394 2359 499 2417 poena
527 2342 688 2401 bonorum
718 2352 750 2401 et
778 2340 925 2415 corporis
947 2340 1009 2415 sui,

249 2456 292 2499 ne
315 2456 387 2499 earn
404 2439 443 2498 de
466 2440 537 2498 loco
561 2449 717 2499 moveret.
749 2438 916 2498 Remansit
932 2454 1008 2514 ergo

249 2554 372 2613 corpus
403 2555 507 2614 usque
539 2539 578 2597 ad
612 2555 707 2597 mane
740 2538 841 2597 feriae
877 2547 1009 2613 quartae

248 2652 342 2695 more
365 2635 461 2695 solito
476 2636 642 2711 vestitum,
664 2645 697 2695 et
712 2635 745 2694 in
764 2635 871 2710 ligneo
888 2633 1046 2693 scrinioau

250 2733 474 2793 reconditum:
497 2742 593 2809 atque
615 2734 648 2792 in
665 2733 781 2792 eodem
798 2733 869 2791 loco
887 2730 1009 2805 reposi-

250 2842 330 2905 tum,
346 2830 400 2889 ubi
418 2831 486 2890 fere
499 2830 612 2906 viginti
629 2830 725 2889 annis
735 2831 877 2888 iacuerat
888 2828 1009 2887 vivum.

250 2927 462 2988 Vestiebatur
482 2938 591 2988 autern
620 2927 707 2986 idern
730 2925 918 2986 venerabile
940 2942 1009 2984 cor-

250 3044 312 3102 pus
328 3042 420 3084 rnore
437 3025 662 3102 religiosarum
679 3040 829 3084 sororum
852 3023 885 3083 in
902 3023 1011 3083 tunica

251 3125 354 3199 lanea,
377 3140 451 3182 cum
467 3140 550 3182 zona
572 3123 702 3182 cilicina
724 3123 866 3197 desuper
885 3122 1045 3181 accinc-as

253 3232 336 3282 turn:
366 3222 452 3297 quali
483 3220 515 3280 in
545 3221 610 3280 vita
639 3221 678 3280 ad
704 3237 836 3280 carnem
866 3220 911 3279 uti
935 3236 1010 3278 con-

254 3329 414 3378 sueverat.
440 3318 567 3377 Deinde
580 3317 723 3394 positum
736 3327 785 3377 est
801 3334 901 3392 super
916 3326 1010 3391 caput

255 3417 324 3476 eius
346 3416 481 3492 pilleum
502 3416 688 3490 rotundum,
710 3415 781 3474 sive
797 3415 891 3474 mitra
913 3432 1010 3490 quae-

255 3513 323 3573 dam
355 3512 525 3573 circularis
554 3513 594 3572 de
618 3512 773 3571 iranceno
795 3512 947 3586 formata3
976 3510 1009 3570 in

257 3611 348 3670 cuius
377 3610 517 3685 ambitu,
544 3610 687 3687 gloriosa
708 3609 841 3668 nomina
864 3610 957 3668 lesus
979 3619 1046 3670 etso

192 3703 204 3746 ’-
258 3705 466 3789 Mariaerant
481 3725 555 3768 curn
571 3708 663 3782 nigro
680 3707 827 3767 incausto
840 3706 1010 3781 inscripta:

612 3814 647 3839 ut
