2692 4659
267 684 595 738 emembrem
630 684 678 727 11⁷
710 685 1031 738 moruorum

269 828 373 895 ponat
402 836 501 894 super
530 828 625 895 caput
653 818 804 895 imaginis
832 836 925 879 meae
947 836 1029 896 quae

270 927 324 977 est
355 917 387 976 in
412 915 560 977 ecclesia.
594 916 655 976 His
684 916 782 993 igitur
803 916 953 993 peractis
981 934 1030 977 re·

269 1031 370 1074 versa
386 1023 436 1073 est
455 1013 494 1073 ad
510 1030 629 1073 sensus
644 1030 820 1090 corporeos
834 1013 925 1090 virgo
940 1013 1030 1073 theo-

270 1111 355 1171 rica:
364 1111 483 1188 gratias
493 1111 663 1188 magnifice
675 1128 774 1188 agens
782 1111 922 1171 Domino
931 1129 1031 1187 super

271 1209 499 1269 consolatione
521 1219 585 1269 tam
608 1210 759 1270 iucunda.
791 1209 854 1270 Sed
871 1227 944 1269 cum
967 1209 1053 1272 tales

270 1317 399 1367 sertum
422 1308 633 1383 corporaliter
654 1308 823 1384 accepisse
851 1308 1029 1384 ignoraret:

270 1407 405 1465 tandem
426 1423 503 1466 casu
520 1406 571 1466 vel
594 1406 791 1467 necessitate
814 1415 949 1482 urgente
966 1423 1030 1464 ma-

271 1520 352 1562 num
370 1503 464 1579 capiti
481 1521 541 1563 suo
557 1521 785 1581 superponens
805 1514 928 1564 sertum
945 1504 1030 1563 llori-

270 1618 395 1677 genum
407 1602 558 1677 detraxit3
570 1603 655 1678 quod
667 1620 707 1662 ex
723 1603 822 1662 odore
833 1602 1029 1663 suavissimo

272 1715 374 1758 manu
396 1699 508 1759 beatae
529 1700 664 1777 virginis
687 1700 747 1759 sibi
771 1700 957 1776 impositum
982 1717 1066 1763 reio

271 1798 509 1873 cognoscebat:
532 1808 562 1858 et
579 1798 647 1858 fere
670 1815 775 1875 usque
797 1798 836 1858 ad
858 1798 1029 1874 septimam

271 1895 400 1955 reditus
427 1896 477 1956 sui
501 1898 613 1956 horam
643 1897 727 1972 apud
749 1914 786 1956 se
808 1896 1030 1957 conservabat.

273 1993 350 2053 Erat
391 2004 498 2054 autem
535 1996 597 2054 boc
632 2004 756 2054 sertum
794 1994 934 2054 caerulei
971 2011 1029 2053 seu

271 2091 382 2151 crocei
426 2093 546 2152 coloris
588 2103 620 2154 et
662 2111 835 2170 rugosum,
878 2092 1030 2153 humanis

270 2188 461 2265 aspectibus
493 2192 651 2251 hactenus
683 2192 844 2264 invisum;
873 2191 958 2268 quod
990 2207 1066 2249 exis

270 2304 309 2346 se
339 2287 442 2347 mirae
473 2290 642 2350 suavitatis
679 2289 844 2349 emittebat
879 2290 1029 2349 odorem:

270 2384 414 2462 ideoque
441 2404 536 2463 quam
560 2387 614 2447 diu
645 2387 748 2464 potuit
771 2398 833 2447 tam
857 2387 1029 2462 pulchrum

270 2495 302 2543 et
334 2483 484 2544 floridum
521 2496 645 2546 sertum
682 2486 766 2562 apud
795 2502 831 2545 se
861 2485 1030 2544 retinebat.

271 2580 375 2656 Igitur
396 2592 471 2642 ante
502 2584 672 2659 septimam
706 2585 818 2643 horam
850 2583 946 2642 iussit
977 2600 1030 2642 ex·

272 2678 366 2738 citari
390 2680 617 2740 confessorem
640 2698 748 2755 suum,
771 2690 802 2740 et
819 2679 970 2740 celeriter
991 2679 1066 2738 adzo

270 2795 307 2838 se
330 2778 463 2838 venire:
493 2779 617 2839 habens
645 2778 674 2838 ei
698 2779 804 2856 aliqua
833 2788 959 2837 secreta
982 2794 1030 2835 re·

273 2876 370 2936 ferre.
387 2876 452 2953 Qui
463 2877 600 2936 veniens
613 2877 825 2954 interrogavit
836 2876 913 2953 quid
923 2876 1030 2935 vellet.

272 2973 336 3034 Cui
361 2974 452 3050 virgo
486 2974 669 3050 respondit,
698 2991 734 3034 se
757 2975 883 3034 cuidam
908 2972 1029 3033 festivi·

272 3072 325 3132 tati
338 3072 541 3148 interfuisse,
551 3083 582 3133 et
590 3074 716 3133 beatam
725 3073 883 3150 virginem
892 3072 1029 3132 Mariam

273 3180 398 3232 sertum
423 3170 509 3231 istud
532 3170 593 3230 sibi
617 3170 801 3244 tradidisse,
823 3180 858 3231 ut
873 3171 911 3230 ad
927 3180 1065 3230 terraszs

273 3267 434 3342 deferret,
463 3278 495 3328 et
524 3269 556 3327 in
579 3285 695 3328 manus
725 3268 796 3327 eius
819 3269 925 3342 daret;
953 3283 1030 3342 qua·

273 3373 369 3424 tenus
391 3363 487 3423 donis
503 3366 563 3425 Dei
587 3366 745 3442 crederet,
767 3376 798 3425 et
821 3383 860 3425 ex
880 3364 1029 3424 mandato

274 3461 386 3522 beatae
403 3462 539 3538 virginis
561 3465 622 3523 hoc
645 3473 768 3524 sertum
793 3463 825 3523 in
842 3479 957 3522 manus
979 3477 1029 3519 ac·

277 3560 414 3637 ciperet3
437 3571 533 3638 atque
556 3562 729 3621 ecclesiam
747 3579 829 3638 quae
852 3572 928 3622 tunc
950 3569 1029 3619 tem-

278 3659 362 3731 poris
379 3659 549 3719 combusta
570 3659 684 3734 luerat,
708 3677 803 3719 mane
825 3658 975 3717 intraret:
998 3666 1065 3717 etso

279 3756 368 3831 capiti
407 3756 558 3832 imaginis
594 3756 708 3816 beatae
740 3756 865 3815 Mariae
894 3754 1029 3831 virginis

631 3861 671 3902 ³⁸7
876 3858 921 3900 25·
