2692 4659
276 768 470 829 humilitatis
505 770 764 831 commendabile
792 770 940 849 signum3
974 774 1036 833 hoc

277 865 458 943 spiritualis
493 867 660 944 proiectus
697 878 747 929 est
785 870 879 930 valde
914 870 1036 931 bonum

277 963 501 1042 praesagium:
532 964 621 1025 iuxta
649 964 729 1025 illud
752 965 937 1027 Salomonis
964 985 1036 1045 pro-

277 1063 439 1123 verbium.
462 1060 611 1123 Audiens
622 1064 755 1140 sapiens
771 1064 949 1141 sapientior
959 1066 1036 1126 erit:

279 1170 311 1221 et
352 1160 550 1236 intellegens
591 1161 813 1237 gubernacula
847 1163 1060 1240 possidebits

279 1260 345 1337 Qui
368 1259 438 1319 vult
460 1258 592 1336 sapiens
614 1276 689 1320 esse
712 1269 744 1320 et
765 1260 880 1321 doctus
896 1261 1036 1337 reputari

279 1367 453 1434 antequam
483 1356 591 1417 audiat
620 1366 652 1417 et
683 1357 802 1419 discat:
834 1358 889 1419 diu
918 1359 1038 1419 stultus

281 1457 366 1517 inter
394 1455 561 1532 sapientes
589 1457 780 1517 remanebit.
824 1456 1038 1518 Proverbium

280 1553 461 1615 veridicum
484 1562 544 1613 est.
576 1552 643 1629 Qui
665 1570 732 1614 non
754 1555 824 1615 vult
845 1555 958 1615 audire
974 1572 1038 1614 ma·

279 1652 417 1729 gistrum
448 1661 484 1711 ut
514 1651 620 1711 bonus
649 1650 847 1728 discipulus:
879 1653 932 1713 hic
963 1670 1075 1715 cumro

280 1748 425 1827 dyscolis
446 1746 672 1808 verberabitur
694 1757 728 1807 ut
750 1747 863 1808 asinus
885 1747 984 1808 rudis.

320 1846 541 1909 Considerate
556 1844 620 1905 iam
636 1854 878 1922 consequenter
888 1862 928 1905 ex
939 1844 1039 1922 scrip-

279 1945 364 2006 turis
378 1943 551 2019 utriusque
570 1942 769 2003 Testamenti
785 1954 916 2004 sanctos
931 1954 1039 2020 patres

280 2054 312 2104 et
334 2043 497 2116 doctores,
519 2040 695 2117 prophetas
717 2049 749 2099 et
775 2041 971 2118 apostolicos
993 2041 1039 2100 vi·

279 2158 335 2201 ros
346 2139 485 2200 scientia
495 2147 527 2198 et
536 2137 711 2199 virtutibus
726 2139 927 2215 praeclaros3
942 2156 1076 2216 quamn

279 2237 412 2299 solliciti
451 2238 583 2298 luerunt
617 2248 682 2298 tam
718 2237 751 2298 in
782 2239 848 2299 vita
879 2256 974 2315 quam
1006 2239 1039 2299 in

281 2346 388 2397 morte
411 2338 574 2398 instruere
603 2335 688 2397 lilios
718 2347 750 2397 et
771 2336 919 2397 subditos
944 2354 1039 2396 suos:

280 2452 380 2512 quam
403 2436 505 2495 multa
521 2444 648 2495 secreta
663 2434 725 2494 Dei
747 2434 977 2512 praedixerunt
992 2433 1040 2492 eis

280 2533 322 2593 de
353 2532 472 2593 futuris
500 2541 532 2592 et
561 2532 757 2592 caelestibus
788 2530 883 2591 bonis
911 2530 972 2590 sub
995 2529 1040 2589 di-

280 2630 390 2691 versis
412 2630 525 2707 liguris
547 2641 579 2691 et
593 2630 773 2707 parabolis3
795 2639 957 2707 quatenus
973 2646 1076 2692 om·ao

281 2746 345 2790 nes
366 2728 531 2788 auditores
560 2746 638 2788 suos
666 2726 839 2788 benivolos
868 2729 1041 2788 redderent

281 2828 322 2888 ad
345 2826 585 2887 observantiam
608 2826 706 2904 legis:
736 2837 767 2887 et
796 2826 931 2903 cupidos
957 2826 1040 2887 lace-

281 2935 357 2986 rent
378 2925 417 2985 ad
433 2924 542 2985 omnia
557 2924 666 2984 divina
688 2924 850 3001 promissa
864 2933 928 2985 tam
950 2942 1040 3000 prae-

281 3024 391 3083 sentia
411 3039 508 3099 quam
531 3024 640 3083 lutura
654 3023 872 3100 percipienda.
904 3024 1040 3101 Moyses
1051 3004 1125 3124 Ἓξ

281 3121 373 3182 enim
396 3121 508 3180 doctor
530 3130 562 3180 et
584 3120 751 3197 legislator
774 3121 969 3198 praecipuus
992 3121 1076 3181 sicas

281 3219 337 3280 ait.
368 3218 454 3279 Audi
472 3218 572 3279 lsrael
589 3227 762 3295 praecepta
777 3228 809 3278 et
823 3218 943 3279 iudicia
957 3236 1040 3296 quae

281 3334 344 3393 ego
367 3318 468 3377 doceo
491 3327 539 3377 te:
565 3328 600 3378 ut
622 3315 747 3376 iaciens
769 3333 807 3375 ea
828 3316 929 3377 vivas.
966 3317 1040 3376 Non

281 3415 409 3475 addetis
440 3415 479 3474 ad
507 3416 644 3475 verbum
677 3413 763 3490 quod
794 3414 910 3490 loquor
938 3414 1041 3492 vobis,

280 3529 392 3589 neque
423 3512 580 3573 auferetis
611 3529 651 3571 ex
683 3527 740 3570 eo:
772 3520 804 3571 et
835 3512 967 3572 docebis
1003 3530 1041 3572 ea

282 3611 369 3671 lilios
391 3628 428 3670 ac
451 3619 587 3686 nepotes
603 3620 686 3670 tuos.
717 3609 755 3669 Et
777 3627 906 3670 rursum
930 3610 962 3669 in
978 3610 1077 3673 alioso

281 3711 365 3770 loco.
410 3708 535 3784 Diliges
558 3709 736 3770 Dominum
759 3710 865 3769 Deum
887 3718 978 3768 tuum
1002 3726 1041 3768 ex

651 3814 679 3856 23
