2692 4659
356 411 516 464 eampum
544 411 707 454 sermones
722 413 762 455 ab
780 411 928 455 Novlclos
955 411 1118 463 waso

357 543 411 604 Sic
436 544 523 603 enim
553 545 698 621 loquitur
725 564 784 623 per
806 545 1012 605 Ezechielem
1043 561 1117 620 pro·

356 641 497 717 phetam,
519 642 558 701 ad
581 643 719 704 ludaeos
741 643 969 720 superbientes
999 643 1038 702 de
1061 643 1116 702 bo-

357 739 409 798 nis
444 739 506 799 sibi
544 739 636 800 datis.
689 742 764 802 Non
799 751 932 818 propter
961 757 1021 800 vos
1058 740 1117 800 sed

357 847 489 913 propter
516 848 637 897 memet
665 838 773 914 ipsum
797 840 877 898 haec
907 838 968 898 feci
998 839 1117 898 domus

334 935 475 995 slsrael:
511 944 624 994 notum
660 936 704 995 sit
739 936 842 996 vobis.
895 938 1001 997 Nemo
1039 952 1116 1013 ergo

357 1034 506 1093 abutatur
534 1032 677 1092 bonitate
707 1044 739 1093 et
767 1034 979 1095 miseratione
1007 1034 1117 1094 divina

357 1148 457 1207 super
478 1147 514 1190 se
537 1131 599 1190 sibi
622 1131 744 1208 aliquid
760 1132 965 1193 attribuendo
983 1150 1043 1209 per
1064 1150 1117 1192 su·

357 1230 520 1306 perbiam3
542 1245 583 1288 ne
607 1229 862 1305 indignationem
887 1230 947 1290 Dei
971 1248 1047 1290 mox
1070 1230 1116 1289 in-

358 1336 465 1387 currat
491 1336 623 1403 propter
651 1326 915 1403 ingratitudinem
946 1345 1056 1387 suam:
1086 1337 1117 1387 et

324 1424 464 1486 aaudiat
496 1424 608 1483 duram
632 1434 744 1483 contra
770 1441 806 1484 se
838 1425 956 1485 iudicis
986 1436 1116 1485 senten·

358 1522 433 1581 tiam
455 1521 644 1581 terribiliter
664 1522 876 1583 intonantem.
919 1522 1056 1583 Auferte
1078 1523 1117 1581 ab

358 1636 397 1679 eo
419 1637 538 1695 mnam,
560 1619 592 1678 id
615 1629 665 1679 est
687 1620 870 1680 devotionis
897 1621 1031 1697 gratiam
1054 1637 1118 1696 qua

358 1717 511 1794 indignus
533 1725 584 1776 est
611 1727 744 1793 propter
764 1735 880 1776 vanarn
903 1718 1056 1794 gloriam:
1086 1727 1118 1777 et

358 1814 431 1875 date
454 1814 483 1874 ei
507 1814 561 1891 qui
585 1814 698 1874 decem
728 1832 821 1873 mnas
844 1815 957 1890 habet,
985 1823 1119 1891 propter

324 1935 349 1975 15
359 1929 450 1970 suam
474 1910 692 1972 humilitatem
715 1923 747 1973 et
761 1912 1001 1989 gratitudinem.
1034 1914 1117 1972 Nam

359 2009 476 2086 dignus
499 2018 550 2069 est
565 2010 688 2069 maiora
703 2010 850 2086 recipere
866 2010 966 2085 dona3
988 2010 1043 2087 qui
1060 2026 1119 2086 pro

360 2108 541 2167 minoribus
577 2107 686 2167 studet
720 2124 852 2184 semper
889 2109 958 2167 Deo
1001 2108 1120 2184 gratias

360 2223 472 2281 agere:
502 2216 534 2265 et
556 2205 724 2282 indignum
755 2205 907 2265 omnibus
929 2222 965 2264 se
992 2206 1119 2265 fatetur.

362 2305 424 2364 Dat
445 2321 543 2380 saepe
572 2303 830 2380 benignissimus
853 2303 1015 2363 Dominus
1044 2321 1121 2363 con·

324 2422 351 2463 ao
361 2402 553 2462 solationem
565 2418 657 2460 suam
670 2417 736 2459 non
747 2401 853 2460 solum
870 2410 1003 2476 propter
1017 2418 1119 2460 unum

361 2499 528 2559 hominem
551 2499 604 2557 vel
627 2498 709 2558 duos
732 2515 768 2558 se
791 2497 933 2557 invicem
949 2500 1121 2558 consolan-

362 2596 438 2671 d0s;
460 2597 518 2656 sed
541 2595 637 2656 etiam
660 2605 793 2671 propter
815 2594 951 2654 aliorum
972 2592 1122 2653 aedifica-

361 2694 483 2753 tionem
521 2703 553 2752 et
589 2694 766 2753 multorum
799 2692 1049 2752 instructionem
1083 2692 1122 2752 ad

362 2792 535 2851 amandum
566 2802 598 2852 et
619 2792 817 2852 laudandum
845 2801 910 2851 tarn
939 2790 1029 2866 pium
1052 2790 1123 2849 dul·

324 2906 434 2951 assem
466 2906 503 2948 ac
534 2890 718 2967 largifluum
751 2890 928 2949 Dominum
960 2889 993 2947 in
1027 2888 1123 2947 donis

363 2985 449 3045 suis:
485 2986 540 3063 qui
576 2996 640 3046 tarn
671 2986 778 3046 bonus
809 2996 842 3046 et
871 2985 1040 3045 beneficus
1072 2994 1123 3044 est

364 3082 469 3142 dando
490 3083 623 3159 gratiam
647 3101 740 3143 suam
763 3084 942 3143 humilibus
970 3098 1124 3142 mansue·

364 3181 405 3239 tis
427 3191 460 3240 et
481 3182 578 3240 corde
601 3182 815 3258 compunctis
856 3180 1022 3242 Subtrahit
1043 3197 1123 3241 vero

364 3278 428 3337 cito
451 3279 656 3339 dulcedinem
673 3297 766 3339 suam
789 3279 827 3338 ab
850 3279 943 3338 elatis
965 3287 997 3337 et
1019 3277 1124 3353 ingra-

327 3375 422 3439 aotis:
445 3393 464 3435 a
484 3376 669 3453 vaniloquis
692 3394 710 3436 a
732 3376 883 3451 curiosis,
907 3395 925 3436 a
947 3374 1071 3435 dolosis
1093 3384 1125 3434 et

366 3474 592 3534 murmurosis.
622 3474 761 3551 Oportet
782 3474 869 3535 enim
893 3491 950 3533 cor
964 3471 1122 3532 mundum

730 3580 757 3620 os
