2692 4659
350 678 512 731 mm
539 678 702 721 SERMONES
717 680 757 722 Ao
774 680 923 723 NOViCIOS
949 682 1113 735 RQ&

350 820 439 872 tores
461 813 494 873 in
517 813 682 873 extremis.
714 814 837 874 Beatus
859 814 1032 890 religiosus
1054 816 1112 892 qui

350 927 387 969 se
409 920 536 987 reputat
551 910 759 987 peregrinum
782 910 816 970 in
838 912 900 971 hoc
917 912 1055 972 mundo:
1080 924 1113 973 et

350 1025 408 1083 pro
430 1025 560 1068 summo
582 1009 705 1069 solacio
735 1010 832 1069 habet
855 1010 963 1069 lesum
986 1019 1018 1070 et
1041 1010 1112 1070 Ma-

350 1104 430 1166 riam
453 1106 487 1166 in
509 1106 618 1167 cordis
641 1106 794 1182 hospitio.

326 1332 340 1371 5
396 1270 406 1297 Ἀ
423 1311 579 1387 Exempla
601 1312 641 1372 de
660 1310 861 1371 salutatione
882 1311 1038 1386 angelica.

626 1460 830 1509 EXEMPLVM.

351 1540 558 1755 &Rata
573 1597 703 1674 quidam
720 1597 866 1657 libellum
887 1597 920 1657 in
937 1597 1020 1657 cella
1035 1614 1108 1673 per-

479 1695 575 1756 didit:
597 1713 695 1771 quem
712 1695 766 1755 diu
788 1695 928 1755 sollicite
944 1712 1108 1771 quaerens

347 1792 495 1854 invenire
525 1811 591 1854 non
624 1794 737 1870 potuit.
780 1794 934 1869 Cumque
963 1792 1003 1852 de
1033 1792 1107 1852 eius

313 1890 524 1951 roamissione
553 1890 754 1964 tristaretur,
783 1898 815 1950 et
843 1889 884 1949 de
915 1889 1107 1951 inventione

346 1988 418 2048 eius
433 1988 496 2048 iam
513 1989 719 2063 desperaret:
742 1987 902 2047 convertit
917 2005 954 2047 se
976 1988 1015 2047 ad
1035 2006 1107 2048 ora-

346 2086 485 2161 tionem,
516 2086 674 2146 invocans
702 2086 828 2145 beatam
855 2085 1014 2162 virginem
1045 2104 1106 2162 per

346 2184 524 2259 angelicam
540 2184 778 2244 salutationem.
811 2183 897 2245 Cum
914 2201 991 2261 ergo
1007 2185 1105 2245 solito

346 2299 437 2342 more
458 2281 530 2343 Ave
552 2282 658 2341 Maria
673 2282 783 2358 legere
799 2281 959 2358 inciperet
981 2291 1013 2341 et
1028 2299 1105 2341 ean-

312 2380 419 2442 rsdem
442 2397 540 2456 saepe
563 2388 743 2455 repeteret,
774 2391 805 2439 et
836 2380 921 2440 inter
951 2382 1032 2440 haec
1064 2381 1105 2441 de

345 2476 454 2546 libello
477 2477 592 2536 dolens
623 2476 795 2553 cogitaret;
825 2477 932 2537 subito
961 2477 990 2537 ei
1015 2478 1105 2539 venit

345 2575 382 2634 ad
398 2586 549 2650 'mentem
571 2575 635 2633 tale
657 2573 946 2649 inspiramentum:
975 2574 1029 2633 ubi
1052 2592 1105 2635 se·

344 2673 439 2736 debat
467 2674 555 2733 iuxta
586 2672 741 2732 lectulum
772 2688 869 2731 orans
894 2680 968 2731 ante
989 2673 1104 2732 beatae

345 2771 469 2831 Mariae
491 2770 628 2846 virginis
657 2769 843 2846 imaginem.
887 2770 1019 2847 Quaere
1048 2772 1103 2831 hic

307 2880 417 2932 arante
433 2879 465 2930 te
480 2870 541 2929 sub
557 2869 714 2929 stramine
731 2869 815 2929 lecti.
839 2869 952 2929 Statim
969 2886 1103 2928 manum

344 2985 435 3027 suam
458 2967 498 3027 ad
515 2984 660 3026 asserem
677 2966 787 3026 lectuli
804 2967 963 3027 extendit:
986 2968 1104 3027 volens

343 3066 512 3142 explorare
535 3082 575 3124 an
598 3063 641 3123 ibi
664 3064 787 3139 aliquid
809 3064 1034 3124 absconditum
1059 3065 1103 3125 ia·

343 3174 441 3223 ceret.
484 3163 523 3222 Et
544 3179 622 3222 ecce
644 3162 751 3221 levato
776 3162 904 3222 modico
927 3162 1101 3223 stramine:

343 3278 417 3320 mox
448 3260 593 3320 libellum
626 3276 724 3318 manu
756 3259 860 3336 tetigit
891 3270 923 3319 et
954 3261 1101 3321 extraxit.

306 3373 333 3414 as
343 3357 418 3434 Quo
441 3357 512 3417 viso
535 3358 670 3418 miratus
691 3368 751 3432 est,
773 3366 805 3417 et
827 3375 903 3433 prae
925 3358 1042 3435 gaudio
1066 3359 1102 3419 li-

341 3455 462 3514 bellum
499 3455 668 3529 osculans,
701 3455 771 3514 Deo
801 3454 921 3531 gratias
952 3456 1032 3532 egit:
1070 3466 1102 3517 et

341 3553 454 3612 beatae
486 3552 602 3629 virgini
635 3552 801 3629 angelicas
837 3553 1002 3613 orationes
1037 3554 1100 3614 sibi

342 3651 521 3727 promissas
552 3651 701 3727 protinus
733 3651 900 3727 persolvit.
944 3653 983 3711 Et
1011 3652 1102 3713 dixit.

342 3749 436 3809 Forte
468 3750 599 3809 domina
630 3759 741 3810 nostra
768 3750 869 3810 voluit
898 3750 1006 3827 aliqua
1027 3749 1101 3812 Ave

700 3854 741 3895 aos
