2692 4659
306 647 468 699 &m
486 647 554 689 VITA
571 646 735 689 LlDEWlGIS
750 646 889 691 VIRGINIS
906 647 1057 701 ww

308 791 433 857 tegrum
445 780 552 840 visum
565 789 628 840 est:
644 780 737 857 quasi
748 798 928 859 numquam
944 781 1056 858 aliquid

308 878 464 938 laesionis
492 886 547 937 aut
568 877 716 937 vulneris
744 877 777 937 in
802 877 852 937 eis
876 878 969 954 prius
991 893 1056 938 con-

308 976 451 1053 tigisset,
473 985 609 1050 excepto
632 986 740 1035 tamen
763 976 850 1052 quod
872 975 906 1035 in
929 976 1057 1035 vulnere

308 1074 411 1133 dextri
434 1072 577 1133 bracchii
600 1072 689 1148 eius,
718 1082 750 1132 et
779 1073 811 1132 in
841 1090 907 1133 uno
930 1074 1056 1132 vulnere

285 1188 326 1229 sa
349 1170 495 1230 Picardis
524 1170 584 1230 sibi
615 1170 721 1245 illato,
749 1188 867 1247 parvae
897 1172 1056 1232 cicatrices

308 1269 347 1328 ad
379 1269 510 1328 modum
541 1268 585 1327 lili
615 1268 649 1327 in
681 1268 809 1345 signum
842 1267 1055 1344 percussionis

309 1365 515 1439 apparebant.
566 1365 713 1425 Habebat
744 1376 851 1425 autem
882 1366 1055 1443 praedictus

309 1463 462 1523 dominus
474 1464 637 1523 lohannes
654 1476 720 1524 tres
736 1481 867 1524 sorores
880 1478 1055 1541 germanas3

310 1578 393 1637 quae
415 1578 489 1621 cum
512 1562 585 1621 aliis
607 1562 800 1639 quibusdam
830 1562 980 1622 honestis
1001 1577 1054 1621 ma·

275 1660 413 1719 rotronis
436 1662 497 1719 hoc
513 1660 701 1720 venerabile
717 1677 837 1736 corpus
855 1660 1054 1730 custodirent,

310 1776 348 1817 ex
364 1769 498 1833 aspectu
514 1769 546 1818 et
557 1758 740 1833 praesentia
751 1758 851 1833 illiue,
865 1766 954 1818 tanta
967 1755 1054 1834 gratia

309 1856 534 1931 replebantur:
563 1856 650 1932 quod
679 1866 745 1916 toto
769 1866 917 1931 tempore
941 1854 1054 1915 scilicet

310 1971 327 2012 a
343 1953 480 2013 transitu
503 1954 575 2013 eius
591 1971 696 2030 usque
711 1953 750 2012 ad
770 1952 983 2028 sepulturam,
1004 1965 1053 2009 nec

312 2051 396 2111 fame
426 2069 486 2111 nec
516 2052 586 2126 siti,
617 2068 678 2110 nec
708 2050 928 2110 somnolentia
957 2063 1054 2126 grava·

278 2151 436 2211 rsbantur.

374 2354 429 2412 DE
453 2352 697 2414 CONCVRSV
720 2350 1007 2411 VISITANTlVNl

389 2449 564 2510 CORPVS
588 2448 684 2508 EIVS
708 2447 991 2509 DEFVNCTVM.

533 2597 739 2647 CAPITVLVM
758 2597 846 2646 XXIX.

314 2684 327 2719 b

314 2680 580 2895 &Omma
596 2744 703 2793 autem
720 2743 824 2793 morte
841 2735 914 2794 eius
932 2752 968 2794 ac
985 2735 1059 2793 lama

275 2853 302 2892 ao
442 2833 564 2910 gloriae
594 2831 741 2906 corporis
770 2831 843 2890 eius
872 2833 968 2909 longe
992 2833 1059 2891 late·

312 2950 376 3008 que
399 2931 604 3006 pervolante3
630 2939 739 2988 tantus
762 2946 944 2988 concursus
966 2925 1060 2987 homi·

313 3047 389 3088 num
414 3029 510 3088 fiebat
531 3029 569 3087 ad
586 3027 778 3087 visitandam
802 3043 873 3085 eam
897 3026 994 3085 etiam
1016 3040 1061 3084 us·

312 3145 376 3203 que
398 3127 437 3185 ad
460 3126 599 3185 mediam
622 3134 763 3199 noctem,
784 3142 843 3200 per
860 3141 978 3183 omnes
999 3123 1062 3183 dies

312 3224 432 3300 quibus
454 3233 617 3283 manserat
641 3223 819 3298 insepulta:
849 3223 892 3282 ita
921 3225 1007 3299 quod
1028 3223 1061 3280 de

276 3321 453 3383 adiversis
483 3321 668 3381 civitatibus
698 3331 729 3380 et
758 3320 845 3379 villis
874 3320 914 3379 de
945 3321 1062 3381 Rotter·

313 3419 403 3494 dam,
432 3419 471 3477 de
495 3420 600 3494 Delft,
630 3421 669 3479 de
694 3419 813 3496 Leydis
835 3428 867 3479 et
890 3419 1012 3479 Brielis
1032 3432 1062 3476 ac

312 3518 352 3577 de
367 3518 440 3577 aliis
460 3518 768 3579 circumiacentibus
787 3518 916 3595 oppidis
932 3528 964 3578 et
980 3515 1062 3587 locis

312 3626 375 3675 tam
399 3617 491 3675 multi
514 3617 553 3676 ad
576 3617 798 3692 spectaculum
815 3617 898 3676 sacri
922 3613 1061 3691 corporis

312 3724 539 3787 properarent:
568 3724 602 3774 ut
631 3731 745 3774 eorum
775 3723 885 3774 certus
911 3725 1060 3773 numerus

669 3818 709 3859 444
