2692 4659
364 669 526 727 &datm
553 669 716 713 saumones
731 670 771 712 no
788 669 937 714 uovrelos
962 671 1128 725 [pangam

365 813 514 880 prompte
543 814 575 864 et
603 804 743 864 libenter
770 804 914 879 praelato
943 823 1003 865 suo
1026 806 1127 866 oboe-

366 902 446 963 diat:
469 919 505 962 se
528 901 635 978 ipsum
659 901 787 962 fortiter
808 902 988 980 vincendo,
1017 906 1126 965 humi-

365 1000 439 1060 liter
460 1001 662 1075 subiciendo,
685 1000 846 1076 patienter
860 1019 999 1062 onerosa
1021 1013 1054 1062 et
1076 1004 1126 1062 in-

365 1097 478 1157 suavia
499 1099 730 1174 supportando.
760 1098 809 1158 nd
832 1098 926 1159 istam
948 1099 1126 1174 perlectio-

342 1196 416 1255 5nis
437 1196 522 1256 viam
545 1196 749 1271 servandam,
772 1196 948 1273 requiritur
969 1214 1124 1273 magnum

364 1306 540 1370 certamen,
561 1304 674 1354 contra
696 1295 919 1355 sensualitatis
940 1295 1124 1356 inclinatio·

363 1410 456 1467 nem3
485 1402 597 1452 contra
618 1392 740 1468 proprii
764 1409 884 1452 sensus
905 1393 1124 1468 prudentiam,

364 1500 476 1550 contra
506 1491 622 1549 malam
655 1507 748 1549 suam
786 1490 1058 1550 consuetudinem
1090 1500 1124 1551 et

364 1589 471 1648 carnis
493 1589 693 1662 libertatem,
722 1605 805 1665 quae
834 1588 936 1648 invite
958 1588 1027 1647 vult
1049 1588 1124 1647 aliis

330 1701 353 1741 ιο
363 1686 469 1761 subdi,
491 1686 558 1763 regi
582 1695 613 1746 et
634 1686 749 1747 artari:
777 1686 834 1746 sed
865 1684 973 1761 potius
995 1686 1123 1761 quaerit

363 1784 493 1859 spatiari
506 1784 676 1843 iucundari
693 1794 724 1844 et
740 1783 895 1843 deliciari.
925 1782 1016 1842 Haec
1032 1783 1120 1842 enim

363 1859 456 1941 valde
478 1881 639 1941 contraria
667 1892 744 1941 sunt
772 1881 834 1957 legi
859 1880 920 1940 Dei
943 1890 975 1940 et
1003 1881 1121 1940 rationi

363 1990 394 2040 et
416 1979 581 2039 communi
610 1979 681 2055 paci
712 1978 865 2039 fratrum:
896 1995 932 2037 ac
962 1977 1048 2037 bono
1072 1995 1122 2037 re·

361 2076 474 2152 gimini
511 2077 686 2138 claustrali.
738 2077 946 2154 Quapropter
981 2077 1121 2135 multum

328 2174 533 2234 rslaudabilis
563 2185 594 2236 et
626 2191 704 2235 vere
735 2173 882 2233 amabilis
918 2172 1122 2247 reputabitur

362 2271 500 2347 simplex
516 2273 695 2332 oboediens
711 2271 827 2346 lrater3
848 2271 903 2347 qui
919 2271 1014 2331 hilari
1027 2272 1120 2331 vultu

291 2408 293 2413 ·
362 2378 394 2428 et
416 2370 513 2430 corde
541 2370 695 2430 benivolo
723 2380 854 2445 paratus
886 2379 936 2429 est
965 2369 1121 2428 omnibus

362 2468 498 2545 obsequi
528 2469 677 2544 exemplo
708 2468 782 2527 lesu
809 2465 951 2526 Christi:
981 2482 1121 2525 servans

361 2566 466 2641 legem
503 2565 588 2626 vitae
624 2576 655 2626 et
692 2564 884 2640 disciplinae
920 2581 978 2639 pro
1014 2564 1122 2624 salute

325 2664 488 2723 manimae
510 2680 588 2723 suae
611 2663 643 2722 in
660 2662 774 2722 ordine
790 2661 938 2738 regulari.
976 2661 1120 2721 Rursum

361 2762 497 2821 multum
521 2760 692 2837 culpabilis
714 2769 746 2819 et
777 2757 1046 2834 reprehensibilis
1069 2768 1122 2819 est

361 2868 487 2919 astutus
511 2859 625 2929 frater,
656 2857 689 2916 in
718 2874 777 2916 suo
807 2873 909 2915 sensu
933 2855 1121 2931 abundans3

361 2958 415 3034 qui
438 2974 503 3017 non
526 2955 656 3015 oboedit
686 2953 855 3013 humiliter
876 2971 936 3013 suo
958 2954 1121 3029 praelato:

362 3054 577 3115 reverentiam
601 3063 632 3113 et
654 3052 893 3111 subiectionem
917 3051 946 3110 ei
963 3050 1120 3110 exhiben-

324 3153 411 3212 2sdo.
453 3153 522 3212 Vae
550 3151 596 3211 illi
626 3150 681 3227 qui
711 3148 812 3209 invite
842 3159 896 3208 aut
919 3148 992 3209 licto
1019 3149 1119 3209 corde

361 3250 506 3310 oboedit:
547 3260 578 3310 et
621 3248 737 3308 leviter
772 3258 962 3308 murmurat.
1020 3247 1118 3306 Hunc

361 3347 516 3408 Christus
553 3346 638 3407 Patri
671 3362 732 3405 suo
768 3345 947 3405 oboediens
976 3344 1120 3420 graviter

360 3455 482 3521 arguet,
503 3455 535 3505 et
557 3460 655 3519 saepe
673 3443 707 3502 in
723 3442 886 3520 praesenti
909 3441 1034 3501 duriter
1048 3441 1118 3501 vin·

360 3542 467 3601 dicare
490 3542 582 3601 solet.
626 3541 709 3601 Nam
732 3542 803 3617 ipse
832 3538 985 3616 praelatis
1014 3539 1117 3599 eccle-

323 3639 428 3701 aosiae
451 3639 536 3699 dicit.
579 3639 645 3716 Qui
668 3656 728 3698 vos
755 3638 844 3698 audit
873 3654 925 3697 me
951 3637 1057 3697 audit:
1086 3647 1118 3697 et

360 3737 415 3813 qui
438 3755 497 3797 vos
519 3736 644 3813 spernit
665 3754 718 3795 me
741 3735 874 3811 spernit.
919 3734 1016 3811 Quod
1041 3751 1118 3810 ergo

722 3841 759 3882 ns
