2692 4659
410 686 572 740 (amm
599 686 763 730 SERMONES
778 689 818 730 AD
834 688 983 732 NOVICIOS
1006 689 1165 742 [m

410 837 469 897 per
484 821 647 882 licentiam
660 830 855 898 extorquere
867 822 980 883 fraude
990 823 1043 883 vel
1059 839 1165 899 prece.

410 919 494 979 Nam
516 935 615 995 saepe
637 919 780 996 paenitet
801 919 833 979 in
857 920 937 981 fine:
966 922 1053 998 quod
1082 923 1165 981 male

409 1015 588 1092 acquiritur
619 1017 749 1093 propria
780 1018 956 1079 voluntate.
999 1018 1065 1095 Qui
1097 1019 1165 1079 vult

409 1113 569 1189 proficere
585 1125 617 1175 et
632 1114 665 1174 in
678 1116 927 1192 congregatione
938 1132 1165 1193 perseverare3

386 1210 506 1272 sdebet
527 1223 660 1289 apertus
682 1229 758 1273 esse
779 1214 922 1290 praelato
945 1231 1005 1273 suo
1034 1213 1068 1273 in
1090 1231 1165 1274 con·

411 1308 572 1370 sessione:
601 1310 708 1371 fidelis
730 1311 763 1371 in
786 1328 895 1388 opere,
917 1329 1015 1371 verax
1042 1310 1075 1371 in
1097 1328 1165 1371 ser·

408 1424 515 1468 mone.
568 1409 673 1469 Debet
703 1409 789 1469 inter
819 1410 936 1471 fratres
967 1426 1042 1470 esse
1074 1426 1165 1469 vere·

408 1506 552 1582 condus,
587 1507 721 1567 humilis
751 1508 868 1568 tacitus
900 1508 1046 1585 quietus:
1081 1507 1165 1584 pius,

409 1603 633 1680 morigeratus,
655 1605 793 1682 patiens,
809 1614 931 1683 gratus,
946 1614 978 1665 et
992 1605 1165 1682 obsequio·

374 1719 398 1760 ιο
408 1717 475 1760 sus.
512 1700 576 1761 Ista
598 1701 721 1763 faciunt
735 1704 805 1763 Deo
828 1721 955 1764 carum:
977 1703 1165 1764 hominibus

408 1797 579 1858 amabilem
602 1810 634 1860 et
656 1801 736 1860 nulli
760 1818 946 1861 onerosum.

463 1973 571 2023 ALIVD
591 1976 636 2024 DE
653 1976 810 2037 Qvouam
829 1976 984 2028 CLERICO
1002 1976 1109 2025 SAEPE

688 2057 886 2107 EVAGANTE.

412 2130 646 2352 &leneus
680 2194 810 2271 quidam
847 2193 880 2253 in
914 2193 1165 2270 congregatione

375 2300 399 2340 1⁵
546 2291 680 2351 Fratrum
720 2309 818 2352 causa
854 2291 952 2352 studii
988 2291 1165 2368 habitabam

408 2388 463 2465 qui
486 2406 543 2466 pro
567 2389 770 2449 recreatione
793 2389 978 2466 quaerenda
1005 2406 1103 2466 saepe
1126 2391 1165 2450 ad

408 2486 531 2547 amicos
553 2486 699 2547 divertit:
724 2503 823 2563 saepe
845 2487 941 2547 etiam
964 2487 1035 2547 loca
1057 2496 1088 2546 et
1111 2487 1165 2547 do·

409 2601 480 2644 mos
491 2584 717 2660 religiosorum
730 2584 882 2645 visitavit.
912 2585 1073 2645 Dixerunt
1088 2602 1165 2661 ergo

408 2682 438 2740 ei
461 2680 578 2741 fratres
601 2691 632 2742 et
661 2682 894 2742 constudentes
923 2682 1003 2742 socii
1029 2682 1097 2742 sui:
1128 2683 1165 2743 ti·

371 2788 536 2838 2⁰mentes
558 2778 620 2838 sibi
643 2778 825 2856 periculum
848 2797 888 2839 ex
915 2779 1077 2856 irequenti
1101 2780 1165 2840 dis-

408 2893 506 2936 cursu
538 2876 721 2937 imminere.
765 2876 798 2937 Si
830 2877 880 2937 vis
909 2877 942 2937 in
971 2877 1056 2937 bono
1079 2887 1165 2938 statu

408 2990 630 3049 perseverare,
650 2973 717 3033 noli
733 2982 823 3034 extra
838 2973 969 3034 domurn
985 2985 1050 3035 tam
1066 2992 1165 3052 saepe

408 3070 533 3147 vagari:
563 3087 642 3130 cave
664 3070 788 3130 amicos
810 3071 953 3148 visitare,
976 3082 1008 3132 et
1030 3072 1165 3133 familia-

408 3167 519 3228 ritates
539 3167 744 3227 feminarum.
774 3167 860 3229 Cum
883 3186 959 3245 ergo
979 3169 1111 3246 saepius
1134 3180 1165 3231 et

371 3265 533 3325 asseriose
555 3282 573 3325 a
592 3266 704 3325 multis
723 3265 908 3327 admonitus
923 3277 1025 3327 esset:
1048 3277 1080 3327 et
1095 3285 1165 3343 pra-

407 3379 479 3421 vam
503 3361 773 3422 consuetudinem
797 3380 862 3423 non
887 3375 1067 3441 resecaret3
1096 3374 1165 3426 tan·

408 3459 481 3518 dem
508 3460 719 3536 temptatione
748 3471 917 3522 crescente
945 3473 1090 3524 sanctam
1113 3481 1165 3524 so·

408 3556 557 3617 cieratem
580 3557 727 3634 reliquit:
757 3567 788 3617 et
817 3559 856 3618 ad
885 3560 1008 3619 amicos
1032 3559 1165 3620 rediens

408 3670 509 3714 uxore
531 3665 663 3731 accepta
691 3664 778 3715 totus
803 3657 981 3717 saecularis
1010 3667 1042 3717 et
1063 3675 1165 3735 vagus

370 3751 546 3812 aoeffectus
569 3762 628 3812 est.

772 3857 799 3898 20
