2692 4659
359 678 519 731 &ffiffl
547 677 710 722 SERMONES
724 679 765 721 AD
781 678 931 721 NOVIClOS
956 678 1121 731 ww

360 829 490 873 omnem
514 812 654 873 fructum
681 811 931 889 praedicationis
951 829 1057 882 suae,
1087 822 1120 873 et

359 910 516 987 quidquid
538 910 614 970 boni
637 920 748 971 mente
778 910 981 985 concipiunt:
1010 911 1119 986 primo

294 1046 297 1052 s
360 1010 511 1069 studeant
533 1010 604 1069 Deo
633 1009 666 1069 in
696 1020 823 1069 secreta
851 1009 997 1069 oratione
1026 1025 1120 1083 prae·

359 1117 507 1183 sentare3
529 1108 647 1168 deinde
670 1110 733 1167 boc
755 1109 841 1169 idem
865 1108 1005 1168 lideliter
1026 1125 1120 1183 prae·

336 1205 423 1265 slato
446 1223 506 1265 suo
528 1206 613 1266 sicut
634 1205 757 1265 vicario
781 1206 923 1281 Christi,
952 1205 985 1264 in
1008 1215 1120 1280 aperta

360 1304 569 1363 confessione
585 1303 754 1363 humiliter
769 1312 946 1379 exponant:
972 1311 1004 1361 et
1025 1302 1121 1362 indu·

360 1402 499 1461 bitanter
514 1402 595 1478 ipsis
615 1402 818 1461 committant
834 1401 911 1477 quid
935 1400 1042 1459 lacere
1065 1400 1120 1458 de·

279 1511 348 1550 nou.
359 1500 456 1558 beant
471 1500 523 1558 vel
545 1499 718 1559 dimittere.
749 1499 831 1558 Nam
854 1499 1000 1575 perlecta
1021 1497 1119 1556 oboe-

360 1597 481 1657 dientia
516 1597 556 1656 de
591 1613 651 1656 suo
683 1597 814 1673 proprio
850 1595 998 1673 quaesitu
1034 1594 1117 1653 nihil

325 1696 480 1755 rehabere
503 1696 614 1755 debet:
639 1712 701 1754 nec
723 1713 858 1771 parvum
881 1712 942 1755 nec
965 1710 1118 1769 magnum

359 1808 434 1852 cum
456 1808 567 1852 amore
590 1791 708 1851 vitioso
740 1791 910 1866 possidere
919 1809 928 1866 ;
957 1801 1121 1866 quatenus

360 1890 448 1949 omni
480 1888 654 1965 cupiditate
686 1898 718 1947 et
747 1888 975 1948 commoditate
1005 1889 1122 1949 evulsa

359 2003 554 2063 proposse:
586 1985 723 2044 liberum
748 1985 891 2045 volatum
924 1985 1032 2045 anima
1063 1988 1119 2045 ha·

359 2085 432 2144 beat
454 2084 492 2143 ad
515 2083 651 2143 caelum.
696 2083 781 2142 Huic
806 2083 961 2144 Christus
984 2083 1048 2143 iam
1071 2084 1119 2144 vi·

325 2199 437 2243 tsvere
466 2192 532 2242 est:
564 2191 596 2241 et
627 2181 709 2240 mori
740 2180 859 2241 cotidie
889 2198 948 2256 pro
981 2182 1118 2243 Christo

360 2280 536 2340 maximum
549 2280 686 2338 lucrum.
710 2278 791 2338 Esse
802 2296 881 2338 vero
893 2296 966 2339 cum
980 2279 1118 2341 Christo

360 2378 493 2437 unicum
516 2376 733 2437 desiderium:
756 2386 787 2436 et
810 2376 1040 2436 felicissimum
1063 2378 1119 2436 bo·

359 2492 447 2535 num.
491 2475 619 2534 Fratres
641 2491 772 2551 semper
800 2474 833 2533 in
856 2475 954 2534 corde
981 2473 1119 2534 firmiter

358 2572 497 2632 teneatis
512 2573 648 2632 verbum
664 2572 821 2647 sapientis
837 2571 1038 2631 Salomonis:
1061 2572 1118 2648 qui

322 2684 349 2724 ao
359 2670 542 2746 simplicem
554 2670 793 2730 oboedientiam
809 2687 883 2729 cum
896 2669 1118 2745 resignatione

359 2769 508 2844 propriae
531 2768 707 2828 voluntatis
729 2767 872 2843 praefert
894 2766 1047 2826 omnibus
1069 2784 1120 2826 sa-

359 2865 491 2925 crificiis
517 2866 641 2926 dicens.
685 2866 805 2926 Melior
833 2875 883 2924 est
911 2865 1120 2924 oboedientia

359 2980 455 3039 quam
487 2964 648 3023 victimae.
702 2963 740 3022 Et
771 2963 859 3022 item.
911 2961 1032 3022 Omnia
1068 2962 1119 3021 fac

360 3061 514 3121 consilio:
544 3070 670 3137 etpost
694 3060 813 3120 lactum
836 3076 902 3118 non
931 3059 1119 3133 paenitebit.

636 3244 840 3292 EXEMPLVM.

360 3296 537 3522 §fflrant
559 3353 622 3412 duo
646 3352 753 3412 devoti
786 3353 902 3412 fratres
929 3350 962 3411 in
986 3368 1120 3427 congre·

485 3450 614 3527 gatione
651 3449 883 3510 Daventriensi
922 3448 1030 3509 studio
1066 3466 1120 3509 va-

361 3559 489 3609 cantes:
511 3558 543 3608 et
565 3548 781 3623 loquebantur
802 3547 923 3623 pariter
945 3546 985 3605 de
1000 3545 1121 3605 virtute

361 3647 597 3708 oboedientiae.
627 3645 716 3705 Dixit
731 3663 808 3721 ergo
820 3662 905 3705 unus
921 3643 1014 3703 alteri
1030 3644 1120 3703 socio

325 3761 431 3805 aosuo.
455 3745 592 3820 Semper
602 3742 682 3802 mihi
694 3743 779 3802 male
795 3740 974 3801 successit:
990 3741 1120 3816 quando

724 3847 761 3888 142
