2692 4659
271 685 605 739 &mmm
617 684 707 726 xxvru
721 682 1042 737 spasmantem&

276 820 362 897 quid
385 829 533 879 cantatur
554 827 585 878 et
607 817 725 894 legitur
746 818 785 876 ab
807 816 896 876 aliis:
919 826 951 875 et
966 833 1041 875 con-

277 917 389 994 gaude
403 917 487 976 bene
504 916 718 976 cantantibus.
746 914 779 975 Si
796 931 861 973 non
873 914 963 973 vales
978 922 1042 973 tam

278 1017 421 1092 pulchre
450 1024 579 1075 cantare
608 1014 694 1073 sicut
722 1012 856 1072 alaudae
886 1020 918 1071 et
940 1010 1043 1087 philo·

280 1131 418 1189 menae3
439 1124 531 1173 canta
546 1122 578 1173 et
593 1112 688 1171 lauda
703 1111 838 1187 lugubre
855 1110 939 1169 sicut
955 1108 1042 1168 corvi

280 1221 314 1271 et
330 1228 429 1270 ranae
445 1211 478 1270 in
493 1210 626 1286 palude:
642 1207 697 1284 qui
714 1217 843 1267 cantant
858 1208 942 1267 sicut
953 1208 1067 1266 Deuss

281 1310 373 1370 dedit
404 1318 437 1368 et
465 1317 580 1367 natura
616 1307 775 1367 concedit.
818 1306 894 1366 Noli
932 1305 1041 1366 extolli

282 1407 459 1468 monedula
481 1408 521 1467 de
544 1407 688 1466 clamore
703 1406 811 1466 vocis:
834 1405 909 1481 quia
931 1404 1042 1463 nescis

281 1506 439 1583 quamdiu
468 1493 600 1565 durabis
629 1513 661 1565 et
683 1505 746 1564 alte
776 1504 931 1564 cantabis.
968 1504 1040 1563 Vox

281 1604 405 1681 quippe
427 1603 562 1663 humilis
584 1613 616 1662 et
639 1602 768 1663 contriti
792 1602 920 1662 cordis:
952 1601 1039 1660 bene

281 1710 378 1762 sonat
393 1701 427 1760 in
443 1701 575 1761 auribus
592 1701 652 1760 Dei
676 1699 909 1776 omnipotentis
932 1699 1041 1759 omnia
1053 1714 1077 1753 ιο

281 1799 457 1860 audientis
488 1799 594 1860 Canta
615 1809 647 1859 et
669 1799 764 1858 lauda
780 1800 886 1858 Deum
909 1798 942 1856 in
959 1813 1039 1856 voce

281 1897 503 1973 exultationis,
525 1914 652 1957 memor
672 1906 781 1956 tamen
804 1896 954 1972 propriae
970 1894 1040 1954 vili·

280 1996 357 2057 tatis
390 2012 464 2055 cum
500 1995 616 2055 timore
648 1995 776 2055 futurae
811 1993 1039 2054 tribulationis.

282 2094 391 2155 Canta
422 2093 589 2153 humiliter
619 2110 694 2152 cum
726 2103 839 2152 sancto
871 2092 974 2151 David
1006 2092 1039 2150 in

280 2192 427 2267 psalmo:
463 2191 602 2250 laetetur
632 2208 689 2251 cor
719 2208 829 2250 meum
862 2200 896 2249 ut
927 2190 1039 2249 timeat
1052 2204 1076 2244 rs

279 2305 405 2348 nomen
427 2296 517 2347 tuum
536 2288 686 2348 Domine.
723 2288 808 2366 Quis
830 2289 915 2348 sicut
935 2288 1039 2347 David

279 2385 390 2446 fidelis
413 2385 446 2444 in
466 2386 618 2446 omnibus
641 2403 781 2462 pergens
803 2388 841 2446 ad
864 2386 1037 2462 imperium

276 2484 386 2561 regis3
415 2483 470 2559 qui
493 2483 589 2542 miles
613 2484 672 2543 fuit
695 2484 727 2542 in
750 2483 802 2543 die
825 2483 952 2543 fortiter
973 2484 1039 2543 bel-

276 2584 389 2656 lando,
418 2582 598 2640 monachus
620 2581 653 2639 in
676 2591 771 2641 nocte
799 2581 949 2641 alacriter
970 2599 1040 2641 sur-

276 2681 389 2757 gendo
411 2689 443 2739 et
465 2680 582 2739 devote
611 2679 761 2739 orando?
797 2679 918 2739 Sinon
946 2691 1076 2756 poteszo

278 2796 356 2838 cum
373 2788 486 2837 sancto
504 2777 649 2837 Iohanne
665 2778 872 2854 Evangelista
887 2778 1038 2837 sublimia

278 2886 313 2937 et
328 2876 441 2936 divina
456 2874 687 2950 contemplari3
702 2876 834 2950 procide
849 2892 923 2934 cum
936 2874 1041 2935 illaria

280 2972 1038 3049 Magdalenaadpedeslesuhumiliterveniam

280 3070 423 3146 petendo
450 3079 482 3128 et
504 3086 562 3144 pro
585 3069 727 3144 peccatis
758 3069 974 3130 lacrimando:
1004 3080 1040 3129 ut

282 3167 486 3227 dimittantur
501 3166 557 3225 tibi
581 3166 678 3226 etiam
694 3178 827 3243 peccata
841 3169 953 3243 multa,
969 3169 1074 3244 qui-25

283 3266 343 3323 bus
361 3266 468 3324 Deum
485 3281 583 3340 saepe
606 3264 782 3324 offendisti.
815 3265 849 3326 Si
865 3283 931 3326 non
947 3267 1038 3326 vales

286 3378 358 3421 cum
374 3373 486 3422 sancto
503 3362 603 3422 Paulo
619 3364 658 3423 ad
673 3364 805 3424 tertium
821 3365 947 3423 caelum
964 3382 1038 3424 evo-

289 3459 366 3535 lare3
376 3477 509 3520 maneas
520 3478 594 3520 cum
604 3478 643 3520 eo
654 3462 738 3536 apud
749 3462 856 3521 lesum
868 3461 1038 3522 Christum

292 3558 486 3634 crucifixum,
508 3577 574 3619 non
596 3559 629 3618 in
653 3577 750 3619 carne
772 3559 956 3636 gloriando:
980 3559 1038 3618 sed

295 3669 415 3716 carnem
431 3675 505 3717 cum
521 3656 610 3717 vitiis
626 3668 658 3717 et
673 3657 949 3734 concupiscentiis
969 3657 1075 3717 suisoo

298 3753 514 3830 crucifigendo.
551 3754 585 3815 Si
608 3772 673 3814 non
696 3756 798 3815 habes
820 3757 886 3815 alas
908 3755 1036 3831 aquilae

641 3859 682 3901 aar
