<?xml version="1.0" encoding="UTF-8"?>
<!DOCTYPE html PUBLIC "-//W3C//DTD XHTML 1.0 Transitional//EN"
    "http://www.w3.org/TR/xhtml1/DTD/xhtml1-transitional.dtd">
<html xmlns="http://www.w3.org/1999/xhtml" xml:lang="en" lang="en">
 <head>
  <title>
</title>
<meta http-equiv="Content-Type" content="text/html;charset=utf-8" />
  <meta name='ocr-system' content='tesseract 3.04.00' />
  <meta name='ocr-capabilities' content='ocr_page ocr_carea ocr_par ocr_line ocrx_word'/>
</head>
<body>
  <div class='ocr_page' id='page_1' title='image "./thomaehemerkena00pohlgoog_0044.png"; bbox 0 0 2692 4659; ppageno 0'>
   <div class='ocr_carea' id='block_1_1' title="bbox 365 650 1126 705">
    <p class='ocr_par' dir='ltr' id='par_1_1' title="bbox 365 650 1126 705">
     <span class='ocr_line' id='line_1_1' title="bbox 365 650 1126 705; baseline -0.024 1"><span class='ocrx_word' id='word_1_1' title='bbox 365 653 526 705; x_wconf 55' lang='lat' dir='ltr'>mm</span> <span class='ocrx_word' id='word_1_2' title='bbox 554 651 717 695; x_wconf 72' lang='lat' dir='ltr'>sermones</span> <span class='ocrx_word' id='word_1_3' title='bbox 733 652 773 694; x_wconf 75' lang='lat' dir='ltr'>no</span> <span class='ocrx_word' id='word_1_4' title='bbox 789 650 938 694; x_wconf 78' lang='lat' dir='ltr'>uovrcros</span> <span class='ocrx_word' id='word_1_5' title='bbox 963 651 1126 704; x_wconf 53' lang='lat' dir='ltr'>amm&gt;</span> 
     </span>
    </p>
   </div>
   <div class='ocr_carea' id='block_1_2' title="bbox 261 784 1132 3697">
    <p class='ocr_par' dir='ltr' id='par_1_2' title="bbox 261 784 1132 3697">
     <span class='ocr_line' id='line_1_2' title="bbox 368 784 1127 863; baseline 0 -18"><span class='ocrx_word' id='word_1_6' title='bbox 368 785 614 863; x_wconf 91' lang='lat' dir='ltr'>proverbiorum</span> <span class='ocrx_word' id='word_1_7' title='bbox 623 784 1127 846; x_wconf 83' lang='lat' dir='ltr'>sententiasiuvenesinstruens</span> 
     </span>
     <span class='ocr_line' id='line_1_3' title="bbox 369 881 1126 960; baseline 0.001 -18"><span class='ocrx_word' id='word_1_8' title='bbox 369 882 417 943; x_wconf 92' lang='lat' dir='ltr'>sic</span> <span class='ocrx_word' id='word_1_9' title='bbox 439 882 492 943; x_wconf 88' lang='lat' dir='ltr'>ait.</span> <span class='ocrx_word' id='word_1_10' title='bbox 534 881 654 944; x_wconf 76' lang='lat' dir='ltr'>Audite</span> <span class='ocrx_word' id='word_1_11' title='bbox 684 882 741 943; x_wconf 88' lang='lat' dir='ltr'>lilii</span> <span class='ocrx_word' id='word_1_12' title='bbox 773 882 978 960; x_wconf 86' lang='lat' dir='ltr'>disciplinam</span> <span class='ocrx_word' id='word_1_13' title='bbox 1008 883 1126 959; x_wconf 90' lang='lat' dir='ltr'>patris:</span> 
     </span>
     <span class='ocr_line' id='line_1_4' title="bbox 369 980 1127 1057; baseline 0.001 -17"><span class='ocrx_word' id='word_1_14' title='bbox 369 990 401 1041; x_wconf 94' lang='lat' dir='ltr'>et</span> <span class='ocrx_word' id='word_1_15' title='bbox 422 980 577 1041; x_wconf 92' lang='lat' dir='ltr'>attendite</span> <span class='ocrx_word' id='word_1_16' title='bbox 599 990 634 1041; x_wconf 97' lang='lat' dir='ltr'>ut</span> <span class='ocrx_word' id='word_1_17' title='bbox 662 980 773 1041; x_wconf 86' lang='lat' dir='ltr'>sciatis</span> <span class='ocrx_word' id='word_1_18' title='bbox 801 980 1017 1057; x_wconf 84' lang='lat' dir='ltr'>prudentiam.</span> <span class='ocrx_word' id='word_1_19' title='bbox 1061 981 1127 1041; x_wconf 91' lang='lat' dir='ltr'>Do-</span> 
     </span>
     <span class='ocr_line' id='line_1_5' title="bbox 368 1078 1126 1156; baseline 0.001 -18"><span class='ocrx_word' id='word_1_20' title='bbox 368 1095 447 1138; x_wconf 96' lang='lat' dir='ltr'>num</span> <span class='ocrx_word' id='word_1_21' title='bbox 469 1078 590 1139; x_wconf 93' lang='lat' dir='ltr'>bonurn</span> <span class='ocrx_word' id='word_1_22' title='bbox 610 1079 749 1139; x_wconf 85' lang='lat' dir='ltr'>tribuam</span> <span class='ocrx_word' id='word_1_23' title='bbox 765 1079 875 1139; x_wconf 90' lang='lat' dir='ltr'>vobis:</span> <span class='ocrx_word' id='word_1_24' title='bbox 897 1079 1002 1156; x_wconf 88' lang='lat' dir='ltr'>legem</span> <span class='ocrx_word' id='word_1_25' title='bbox 1018 1096 1126 1140; x_wconf 87' lang='lat' dir='ltr'>meam</span> 
     </span>
     <span class='ocr_line' id='line_1_6' title="bbox 345 1175 1126 1253; baseline 0.003 -18"><span class='ocrx_word' id='word_1_26' title='bbox 345 1192 411 1236; x_wconf 82' lang='lat' dir='ltr'>sne</span> <span class='ocrx_word' id='word_1_27' title='bbox 433 1175 676 1253; x_wconf 91' lang='lat' dir='ltr'>derelinquatis.</span> <span class='ocrx_word' id='word_1_28' title='bbox 720 1176 803 1236; x_wconf 90' lang='lat' dir='ltr'>Nam</span> <span class='ocrx_word' id='word_1_29' title='bbox 826 1187 858 1237; x_wconf 91' lang='lat' dir='ltr'>et</span> <span class='ocrx_word' id='word_1_30' title='bbox 886 1193 946 1253; x_wconf 90' lang='lat' dir='ltr'>ego</span> <span class='ocrx_word' id='word_1_31' title='bbox 969 1176 1056 1237; x_wconf 84' lang='lat' dir='ltr'>filius</span> <span class='ocrx_word' id='word_1_32' title='bbox 1080 1177 1126 1237; x_wconf 84' lang='lat' dir='ltr'>fui</span> 
     </span>
     <span class='ocr_line' id='line_1_7' title="bbox 369 1273 1126 1351; baseline 0.003 -18"><span class='ocrx_word' id='word_1_33' title='bbox 369 1273 469 1350; x_wconf 89' lang='lat' dir='ltr'>patris</span> <span class='ocrx_word' id='word_1_34' title='bbox 491 1273 555 1334; x_wconf 90' lang='lat' dir='ltr'>mci</span> <span class='ocrx_word' id='word_1_35' title='bbox 578 1274 730 1351; x_wconf 87' lang='lat' dir='ltr'>tenellus,</span> <span class='ocrx_word' id='word_1_36' title='bbox 752 1283 784 1334; x_wconf 87' lang='lat' dir='ltr'>et</span> <span class='ocrx_word' id='word_1_37' title='bbox 805 1274 993 1351; x_wconf 86' lang='lat' dir='ltr'>unigenitus</span> <span class='ocrx_word' id='word_1_38' title='bbox 1015 1291 1126 1335; x_wconf 93' lang='lat' dir='ltr'>coram</span> 
     </span>
     <span class='ocr_line' id='line_1_8' title="bbox 369 1371 1127 1448; baseline 0.003 -17"><span class='ocrx_word' id='word_1_39' title='bbox 369 1380 471 1431; x_wconf 94' lang='lat' dir='ltr'>matre</span> <span class='ocrx_word' id='word_1_40' title='bbox 487 1389 575 1431; x_wconf 89' lang='lat' dir='ltr'>mea:</span> <span class='ocrx_word' id='word_1_41' title='bbox 597 1381 629 1431; x_wconf 93' lang='lat' dir='ltr'>et</span> <span class='ocrx_word' id='word_1_42' title='bbox 651 1371 787 1432; x_wconf 90' lang='lat' dir='ltr'>docebat</span> <span class='ocrx_word' id='word_1_43' title='bbox 809 1388 861 1432; x_wconf 92' lang='lat' dir='ltr'>me</span> <span class='ocrx_word' id='word_1_44' title='bbox 877 1380 973 1448; x_wconf 91' lang='lat' dir='ltr'>atque</span> <span class='ocrx_word' id='word_1_45' title='bbox 989 1371 1127 1433; x_wconf 87' lang='lat' dir='ltr'>dicebat.</span> 
     </span>
     <span class='ocr_line' id='line_1_9' title="bbox 370 1468 1126 1546; baseline 0.003 -17"><span class='ocrx_word' id='word_1_46' title='bbox 370 1468 533 1546; x_wconf 91' lang='lat' dir='ltr'>Suscipiat</span> <span class='ocrx_word' id='word_1_47' title='bbox 554 1470 654 1530; x_wconf 91' lang='lat' dir='ltr'>verba</span> <span class='ocrx_word' id='word_1_48' title='bbox 675 1487 749 1530; x_wconf 86' lang='lat' dir='ltr'>mea</span> <span class='ocrx_word' id='word_1_49' title='bbox 774 1487 831 1529; x_wconf 88' lang='lat' dir='ltr'>cor</span> <span class='ocrx_word' id='word_1_50' title='bbox 858 1479 966 1530; x_wconf 92' lang='lat' dir='ltr'>tuum:</span> <span class='ocrx_word' id='word_1_51' title='bbox 997 1469 1126 1531; x_wconf 89' lang='lat' dir='ltr'>custodi</span> 
     </span>
     <span class='ocr_line' id='line_1_10' title="bbox 369 1567 1126 1645; baseline 0.003 -19"><span class='ocrx_word' id='word_1_52' title='bbox 369 1576 541 1643; x_wconf 90' lang='lat' dir='ltr'>praecepta</span> <span class='ocrx_word' id='word_1_53' title='bbox 563 1584 636 1628; x_wconf 91' lang='lat' dir='ltr'>mea</span> <span class='ocrx_word' id='word_1_54' title='bbox 657 1577 689 1627; x_wconf 88' lang='lat' dir='ltr'>et</span> <span class='ocrx_word' id='word_1_55' title='bbox 703 1567 806 1628; x_wconf 77' lang='lat' dir='ltr'>vives,</span> <span class='ocrx_word' id='word_1_56' title='bbox 840 1567 976 1628; x_wconf 88' lang='lat' dir='ltr'>Posside</span> <span class='ocrx_word' id='word_1_57' title='bbox 998 1568 1126 1645; x_wconf 90' lang='lat' dir='ltr'>sapien-</span> 
     </span>
     <span class='ocr_line' id='line_1_11' title="bbox 336 1664 1127 1743; baseline 0.003 -17"><span class='ocrx_word' id='word_1_58' title='bbox 336 1664 446 1726; x_wconf 79' lang='lat' dir='ltr'>iotiam</span> <span class='ocrx_word' id='word_1_59' title='bbox 482 1665 613 1742; x_wconf 89' lang='lat' dir='ltr'>posside</span> <span class='ocrx_word' id='word_1_60' title='bbox 649 1666 870 1743; x_wconf 88' lang='lat' dir='ltr'>prudentiam:</span> <span class='ocrx_word' id='word_1_61' title='bbox 905 1683 947 1726; x_wconf 90' lang='lat' dir='ltr'>ne</span> <span class='ocrx_word' id='word_1_62' title='bbox 983 1666 1127 1728; x_wconf 88' lang='lat' dir='ltr'>dimittas</span> 
     </span>
     <span class='ocr_line' id='line_1_12' title="bbox 370 1763 1126 1840; baseline 0.004 -18"><span class='ocrx_word' id='word_1_63' title='bbox 370 1780 441 1822; x_wconf 90' lang='lat' dir='ltr'>eam</span> <span class='ocrx_word' id='word_1_64' title='bbox 471 1773 503 1824; x_wconf 92' lang='lat' dir='ltr'>et</span> <span class='ocrx_word' id='word_1_65' title='bbox 529 1763 671 1829; x_wconf 85' lang='lat' dir='ltr'>servabit</span> <span class='ocrx_word' id='word_1_66' title='bbox 693 1771 734 1823; x_wconf 88' lang='lat' dir='ltr'>te.</span> <span class='ocrx_word' id='word_1_67' title='bbox 778 1763 861 1824; x_wconf 89' lang='lat' dir='ltr'>Ecce</span> <span class='ocrx_word' id='word_1_68' title='bbox 892 1780 988 1840; x_wconf 89' lang='lat' dir='ltr'>quarn</span> <span class='ocrx_word' id='word_1_69' title='bbox 1012 1764 1126 1825; x_wconf 92' lang='lat' dir='ltr'>utilem</span> 
     </span>
     <span class='ocr_line' id='line_1_13' title="bbox 370 1860 1128 1938; baseline 0.005 -18"><span class='ocrx_word' id='word_1_70' title='bbox 370 1860 549 1921; x_wconf 91' lang='lat' dir='ltr'>doctrinam</span> <span class='ocrx_word' id='word_1_71' title='bbox 586 1860 682 1921; x_wconf 90' lang='lat' dir='ltr'>tradit</span> <span class='ocrx_word' id='word_1_72' title='bbox 718 1861 856 1938; x_wconf 88' lang='lat' dir='ltr'>Sapiens</span> <span class='ocrx_word' id='word_1_73' title='bbox 893 1861 1068 1923; x_wconf 92' lang='lat' dir='ltr'>iuvenibus</span> <span class='ocrx_word' id='word_1_74' title='bbox 1095 1874 1128 1924; x_wconf 93' lang='lat' dir='ltr'>et</span> 
     </span>
     <span class='ocr_line' id='line_1_14' title="bbox 370 1958 1128 2035; baseline 0.005 -18"><span class='ocrx_word' id='word_1_75' title='bbox 370 1958 544 2035; x_wconf 89' lang='lat' dir='ltr'>praecipue</span> <span class='ocrx_word' id='word_1_76' title='bbox 561 1958 655 2018; x_wconf 90' lang='lat' dir='ltr'>vobis</span> <span class='ocrx_word' id='word_1_77' title='bbox 677 1959 816 2019; x_wconf 90' lang='lat' dir='ltr'>noviciis</span> <span class='ocrx_word' id='word_1_78' title='bbox 832 1960 977 2020; x_wconf 90' lang='lat' dir='ltr'>scholam</span> <span class='ocrx_word' id='word_1_79' title='bbox 994 1960 1056 2021; x_wconf 89' lang='lat' dir='ltr'>Dei</span> <span class='ocrx_word' id='word_1_80' title='bbox 1079 1960 1128 2022; x_wconf 94' lang='lat' dir='ltr'>in·</span> 
     </span>
     <span class='ocr_line' id='line_1_15' title="bbox 369 2056 1128 2133; baseline 0.005 -18"><span class='ocrx_word' id='word_1_81' title='bbox 369 2056 510 2133; x_wconf 85' lang='lat' dir='ltr'>gressis:</span> <span class='ocrx_word' id='word_1_82' title='bbox 541 2065 702 2133; x_wconf 90' lang='lat' dir='ltr'>quatenus</span> <span class='ocrx_word' id='word_1_83' title='bbox 725 2058 795 2117; x_wconf 89' lang='lat' dir='ltr'>Deo</span> <span class='ocrx_word' id='word_1_84' title='bbox 819 2058 948 2118; x_wconf 86' lang='lat' dir='ltr'>favente</span> <span class='ocrx_word' id='word_1_85' title='bbox 971 2058 1003 2118; x_wconf 92' lang='lat' dir='ltr'>in</span> <span class='ocrx_word' id='word_1_86' title='bbox 1026 2058 1128 2119; x_wconf 91' lang='lat' dir='ltr'>virtu·</span> 
     </span>
     <span class='ocr_line' id='line_1_16' title="bbox 338 2152 1038 2231; baseline -0.001 -15"><span class='ocrx_word' id='word_1_87' title='bbox 338 2152 457 2216; x_wconf 72' lang='lat' dir='ltr'>retibus</span> <span class='ocrx_word' id='word_1_88' title='bbox 479 2170 584 2230; x_wconf 92' lang='lat' dir='ltr'>usque</span> <span class='ocrx_word' id='word_1_89' title='bbox 607 2155 639 2213; x_wconf 93' lang='lat' dir='ltr'>in</span> <span class='ocrx_word' id='word_1_90' title='bbox 662 2165 829 2215; x_wconf 88' lang='lat' dir='ltr'>senectam</span> <span class='ocrx_word' id='word_1_91' title='bbox 851 2154 1038 2231; x_wconf 75' lang='lat' dir='ltr'>proficiatis.</span> 
     </span>
     <span class='ocr_line' id='line_1_17' title="bbox 261 2251 1129 2329; baseline 0.012 -23"><span class='ocrx_word' id='word_1_92' title='bbox 261 2272 361 2320; x_wconf 79' lang='lat' dir='ltr'>Matha—</span> <span class='ocrx_word' id='word_1_93' title='bbox 413 2251 544 2328; x_wconf 84' lang='lat' dir='ltr'>Legitur</span> <span class='ocrx_word' id='word_1_94' title='bbox 571 2251 668 2311; x_wconf 91' lang='lat' dir='ltr'>etiam</span> <span class='ocrx_word' id='word_1_95' title='bbox 698 2252 731 2312; x_wconf 93' lang='lat' dir='ltr'>in</span> <span class='ocrx_word' id='word_1_96' title='bbox 755 2253 860 2329; x_wconf 93' lang='lat' dir='ltr'>primo</span> <span class='ocrx_word' id='word_1_97' title='bbox 889 2253 971 2314; x_wconf 95' lang='lat' dir='ltr'>libro</span> <span class='ocrx_word' id='word_1_98' title='bbox 995 2254 1129 2316; x_wconf 83' lang='lat' dir='ltr'>Macha-</span> 
     </span>
     <span class='ocr_line' id='line_1_18' title="bbox 277 2343 1129 2430; baseline 0.004 -20"><span class='ocrx_word' id='word_1_99' title='bbox 277 2343 346 2391; x_wconf 67' lang='lat' dir='ltr'>¹¹¹i⁸⁸</span> <span class='ocrx_word' id='word_1_100' title='bbox 371 2352 541 2426; x_wconf 91' lang='lat' dir='ltr'>baeorum‚</span> <span class='ocrx_word' id='word_1_101' title='bbox 570 2352 610 2411; x_wconf 91' lang='lat' dir='ltr'>de</span> <span class='ocrx_word' id='word_1_102' title='bbox 633 2352 813 2412; x_wconf 81' lang='lat' dir='ltr'>Mathathia</span> <span class='ocrx_word' id='word_1_103' title='bbox 834 2353 904 2412; x_wconf 90' lang='lat' dir='ltr'>viro</span> <span class='ocrx_word' id='word_1_104' title='bbox 934 2352 1129 2430; x_wconf 86' lang='lat' dir='ltr'>clarissimo,</span> 
     </span>
     <span class='ocr_line' id='line_1_19' title="bbox 372 2448 1129 2528; baseline 0.004 -20"><span class='ocrx_word' id='word_1_105' title='bbox 372 2457 404 2509; x_wconf 94' lang='lat' dir='ltr'>et</span> <span class='ocrx_word' id='word_1_106' title='bbox 425 2448 624 2509; x_wconf 91' lang='lat' dir='ltr'>aemulatore</span> <span class='ocrx_word' id='word_1_107' title='bbox 647 2449 729 2526; x_wconf 89' lang='lat' dir='ltr'>legis</span> <span class='ocrx_word' id='word_1_108' title='bbox 749 2450 1029 2526; x_wconf 84' lang='lat' dir='ltr'>constantissim03</span> <span class='ocrx_word' id='word_1_109' title='bbox 1051 2452 1129 2528; x_wconf 91' lang='lat' dir='ltr'>quia</span> 
     </span>
     <span class='ocr_line' id='line_1_20' title="bbox 372 2546 1127 2608; baseline 0 -1"><span class='ocrx_word' id='word_1_110' title='bbox 372 2547 444 2607; x_wconf 92' lang='lat' dir='ltr'>zelo</span> <span class='ocrx_word' id='word_1_111' title='bbox 467 2546 528 2606; x_wconf 87' lang='lat' dir='ltr'>Dei</span> <span class='ocrx_word' id='word_1_112' title='bbox 558 2546 777 2608; x_wconf 88' lang='lat' dir='ltr'>inflammatus</span> <span class='ocrx_word' id='word_1_113' title='bbox 806 2557 838 2607; x_wconf 94' lang='lat' dir='ltr'>et</span> <span class='ocrx_word' id='word_1_114' title='bbox 866 2547 977 2607; x_wconf 89' lang='lat' dir='ltr'>divino</span> <span class='ocrx_word' id='word_1_115' title='bbox 1005 2548 1127 2608; x_wconf 87' lang='lat' dir='ltr'>auxilio</span> 
     </span>
     <span class='ocr_line' id='line_1_21' title="bbox 336 2644 1128 2722; baseline 0.005 -20"><span class='ocrx_word' id='word_1_116' title='bbox 336 2654 469 2722; x_wconf 82' lang='lat' dir='ltr'>aoatque</span> <span class='ocrx_word' id='word_1_117' title='bbox 491 2645 634 2704; x_wconf 89' lang='lat' dir='ltr'>humano</span> <span class='ocrx_word' id='word_1_118' title='bbox 649 2652 800 2720; x_wconf 87' lang='lat' dir='ltr'>potenter</span> <span class='ocrx_word' id='word_1_119' title='bbox 819 2644 985 2704; x_wconf 90' lang='lat' dir='ltr'>accinctus</span> <span class='ocrx_word' id='word_1_120' title='bbox 1008 2644 1128 2721; x_wconf 91' lang='lat' dir='ltr'>impios</span> 
     </span>
     <span class='ocr_line' id='line_1_22' title="bbox 373 2739 1128 2818; baseline -0.003 -15"><span class='ocrx_word' id='word_1_121' title='bbox 373 2761 410 2803; x_wconf 90' lang='lat' dir='ltr'>ac</span> <span class='ocrx_word' id='word_1_122' title='bbox 432 2742 618 2802; x_wconf 87' lang='lat' dir='ltr'>desertores</span> <span class='ocrx_word' id='word_1_123' title='bbox 645 2751 799 2818; x_wconf 87' lang='lat' dir='ltr'>paternae</span> <span class='ocrx_word' id='word_1_124' title='bbox 828 2741 909 2817; x_wconf 92' lang='lat' dir='ltr'>legis</span> <span class='ocrx_word' id='word_1_125' title='bbox 938 2740 977 2800; x_wconf 91' lang='lat' dir='ltr'>de</span> <span class='ocrx_word' id='word_1_126' title='bbox 1007 2739 1128 2801; x_wconf 89' lang='lat' dir='ltr'>linibus</span> 
     </span>
     <span class='ocr_line' id='line_1_23' title="bbox 373 2837 1127 2917; baseline 0 -18"><span class='ocrx_word' id='word_1_127' title='bbox 373 2840 443 2899; x_wconf 90' lang='lat' dir='ltr'>suis</span> <span class='ocrx_word' id='word_1_128' title='bbox 465 2839 603 2916; x_wconf 87' lang='lat' dir='ltr'>expulit:</span> <span class='ocrx_word' id='word_1_129' title='bbox 626 2850 658 2900; x_wconf 94' lang='lat' dir='ltr'>et</span> <span class='ocrx_word' id='word_1_130' title='bbox 677 2840 825 2917; x_wconf 90' lang='lat' dir='ltr'>neglecta</span> <span class='ocrx_word' id='word_1_131' title='bbox 839 2849 965 2915; x_wconf 90' lang='lat' dir='ltr'>patrum</span> <span class='ocrx_word' id='word_1_132' title='bbox 981 2837 1127 2915; x_wconf 91' lang='lat' dir='ltr'>priorum</span> 
     </span>
     <span class='ocr_line' id='line_1_24' title="bbox 373 2938 1129 3013; baseline -0.001 -16"><span class='ocrx_word' id='word_1_133' title='bbox 373 2945 492 2998; x_wconf 89' lang='lat' dir='ltr'>statuta</span> <span class='ocrx_word' id='word_1_134' title='bbox 522 2938 561 2997; x_wconf 92' lang='lat' dir='ltr'>ad</span> <span class='ocrx_word' id='word_1_135' title='bbox 590 2947 734 2998; x_wconf 88' lang='lat' dir='ltr'>sanctam</span> <span class='ocrx_word' id='word_1_136' title='bbox 760 2938 830 2997; x_wconf 91' lang='lat' dir='ltr'>Deo</span> <span class='ocrx_word' id='word_1_137' title='bbox 860 2938 1042 3013; x_wconf 91' lang='lat' dir='ltr'>placentem</span> <span class='ocrx_word' id='word_1_138' title='bbox 1073 2938 1129 2997; x_wconf 94' lang='lat' dir='ltr'>ob-</span> 
     </span>
     <span class='ocr_line' id='line_1_25' title="bbox 373 3034 1129 3112; baseline 0 -17"><span class='ocrx_word' id='word_1_139' title='bbox 373 3035 569 3095; x_wconf 89' lang='lat' dir='ltr'>servantiam</span> <span class='ocrx_word' id='word_1_140' title='bbox 602 3035 757 3095; x_wconf 87' lang='lat' dir='ltr'>decenter</span> <span class='ocrx_word' id='word_1_141' title='bbox 785 3052 842 3112; x_wconf 95' lang='lat' dir='ltr'>pro</span> <span class='ocrx_word' id='word_1_142' title='bbox 871 3034 997 3095; x_wconf 90' lang='lat' dir='ltr'>viribus</span> <span class='ocrx_word' id='word_1_143' title='bbox 1026 3034 1129 3096; x_wconf 88' lang='lat' dir='ltr'>refor-</span> 
     </span>
     <span class='ocr_line' id='line_1_26' title="bbox 337 3132 1128 3209; baseline -0.003 -15"><span class='ocrx_word' id='word_1_144' title='bbox 337 3132 482 3194; x_wconf 84' lang='lat' dir='ltr'>2smavit.</span> <span class='ocrx_word' id='word_1_145' title='bbox 532 3132 598 3209; x_wconf 92' lang='lat' dir='ltr'>Qui</span> <span class='ocrx_word' id='word_1_146' title='bbox 630 3132 676 3193; x_wconf 94' lang='lat' dir='ltr'>nil</span> <span class='ocrx_word' id='word_1_147' title='bbox 706 3132 793 3193; x_wconf 91' lang='lat' dir='ltr'>aliud</span> <span class='ocrx_word' id='word_1_148' title='bbox 822 3133 855 3192; x_wconf 96' lang='lat' dir='ltr'>in</span> <span class='ocrx_word' id='word_1_149' title='bbox 885 3132 1012 3192; x_wconf 91' lang='lat' dir='ltr'>cunctis</span> <span class='ocrx_word' id='word_1_150' title='bbox 1036 3132 1128 3192; x_wconf 92' lang='lat' dir='ltr'>belli-</span> 
     </span>
     <span class='ocr_line' id='line_1_27' title="bbox 374 3230 1130 3307; baseline -0.001 -16"><span class='ocrx_word' id='word_1_151' title='bbox 374 3230 461 3291; x_wconf 89' lang='lat' dir='ltr'>cosis</span> <span class='ocrx_word' id='word_1_152' title='bbox 472 3230 597 3290; x_wconf 92' lang='lat' dir='ltr'>actibus</span> <span class='ocrx_word' id='word_1_153' title='bbox 608 3231 679 3291; x_wconf 91' lang='lat' dir='ltr'>suis</span> <span class='ocrx_word' id='word_1_154' title='bbox 689 3231 888 3307; x_wconf 85' lang='lat' dir='ltr'>praetendit3</span> <span class='ocrx_word' id='word_1_155' title='bbox 903 3230 965 3290; x_wconf 92' lang='lat' dir='ltr'>nisi</span> <span class='ocrx_word' id='word_1_156' title='bbox 977 3240 1013 3290; x_wconf 94' lang='lat' dir='ltr'>ut</span> <span class='ocrx_word' id='word_1_157' title='bbox 1023 3231 1130 3291; x_wconf 91' lang='lat' dir='ltr'>honor</span> 
     </span>
     <span class='ocr_line' id='line_1_28' title="bbox 375 3326 1130 3406; baseline 0 -18"><span class='ocrx_word' id='word_1_158' title='bbox 375 3328 436 3388; x_wconf 88' lang='lat' dir='ltr'>Dei</span> <span class='ocrx_word' id='word_1_159' title='bbox 459 3338 490 3388; x_wconf 93' lang='lat' dir='ltr'>et</span> <span class='ocrx_word' id='word_1_160' title='bbox 506 3328 613 3389; x_wconf 92' lang='lat' dir='ltr'>cultus</span> <span class='ocrx_word' id='word_1_161' title='bbox 628 3328 662 3388; x_wconf 93' lang='lat' dir='ltr'>in</span> <span class='ocrx_word' id='word_1_162' title='bbox 678 3329 780 3389; x_wconf 89' lang='lat' dir='ltr'>sacris</span> <span class='ocrx_word' id='word_1_163' title='bbox 796 3328 923 3406; x_wconf 91' lang='lat' dir='ltr'>legibus</span> <span class='ocrx_word' id='word_1_164' title='bbox 939 3326 1130 3388; x_wconf 85' lang='lat' dir='ltr'>firmissime</span> 
     </span>
     <span class='ocr_line' id='line_1_29' title="bbox 374 3426 1130 3503; baseline -0.001 -16"><span class='ocrx_word' id='word_1_165' title='bbox 374 3436 513 3488; x_wconf 90' lang='lat' dir='ltr'>starent:</span> <span class='ocrx_word' id='word_1_166' title='bbox 542 3436 574 3487; x_wconf 87' lang='lat' dir='ltr'>et</span> <span class='ocrx_word' id='word_1_167' title='bbox 601 3427 742 3503; x_wconf 92' lang='lat' dir='ltr'>populus</span> <span class='ocrx_word' id='word_1_168' title='bbox 771 3427 937 3487; x_wconf 90' lang='lat' dir='ltr'>desolatus</span> <span class='ocrx_word' id='word_1_169' title='bbox 959 3426 1030 3485; x_wconf 88' lang='lat' dir='ltr'>Deo</span> <span class='ocrx_word' id='word_1_170' title='bbox 1060 3443 1130 3486; x_wconf 91' lang='lat' dir='ltr'>ser-</span> 
     </span>
     <span class='ocr_line' id='line_1_30' title="bbox 374 3524 1132 3600; baseline 0 -16"><span class='ocrx_word' id='word_1_171' title='bbox 374 3524 492 3585; x_wconf 91' lang='lat' dir='ltr'>viendo</span> <span class='ocrx_word' id='word_1_172' title='bbox 509 3524 596 3584; x_wconf 86' lang='lat' dir='ltr'>felici</span> <span class='ocrx_word' id='word_1_173' title='bbox 611 3541 691 3599; x_wconf 89' lang='lat' dir='ltr'>pace</span> <span class='ocrx_word' id='word_1_174' title='bbox 702 3524 873 3600; x_wconf 86' lang='lat' dir='ltr'>gauderet3</span> <span class='ocrx_word' id='word_1_175' title='bbox 888 3531 985 3599; x_wconf 90' lang='lat' dir='ltr'>atquc</span> <span class='ocrx_word' id='word_1_176' title='bbox 1000 3540 1132 3584; x_wconf 89' lang='lat' dir='ltr'>summa</span> 
     </span>
     <span class='ocr_line' id='line_1_31' title="bbox 338 3620 1132 3697; baseline 0 -14"><span class='ocrx_word' id='word_1_177' title='bbox 338 3621 572 3684; x_wconf 80' lang='lat' dir='ltr'>socxultatione</span> <span class='ocrx_word' id='word_1_178' title='bbox 584 3622 690 3681; x_wconf 90' lang='lat' dir='ltr'>Deum</span> <span class='ocrx_word' id='word_1_179' title='bbox 703 3622 958 3697; x_wconf 87' lang='lat' dir='ltr'>omnipotentem</span> <span class='ocrx_word' id='word_1_180' title='bbox 975 3620 1132 3683; x_wconf 89' lang='lat' dir='ltr'>cordibus</span> 
     </span>
    </p>
   </div>
   <div class='ocr_carea' id='block_1_3' title="bbox 344 3712 1131 3865">
    <p class='ocr_par' dir='ltr' id='par_1_3' title="bbox 344 3712 1131 3865">
     <span class='ocr_line' id='line_1_32' title="bbox 344 3712 1131 3782; baseline 0.004 -3"><span class='ocrx_word' id='word_1_181' title='bbox 344 3712 347 3718; x_wconf 77' lang='grc'><strong>’</strong></span> <span class='ocrx_word' id='word_1_182' title='bbox 375 3720 514 3781; x_wconf 92' lang='lat' dir='ltr'>sinceris</span> <span class='ocrx_word' id='word_1_183' title='bbox 550 3720 691 3779; x_wconf 92' lang='lat' dir='ltr'>coleret:</span> <span class='ocrx_word' id='word_1_184' title='bbox 731 3736 768 3779; x_wconf 90' lang='lat' dir='ltr'>ac</span> <span class='ocrx_word' id='word_1_185' title='bbox 803 3718 939 3779; x_wconf 88' lang='lat' dir='ltr'>vocibus</span> <span class='ocrx_word' id='word_1_186' title='bbox 975 3718 1131 3782; x_wconf 91' lang='lat' dir='ltr'>iucundis</span> 
     </span>
     <span class='ocr_line' id='line_1_33' title="bbox 737 3824 765 3865; baseline -0.036 0"><span class='ocrx_word' id='word_1_187' title='bbox 737 3824 765 3865; x_wconf 85' lang='lat'>28</span> 
     </span>
    </p>
   </div>
   <div class='ocr_carea' id='block_1_4' title="bbox 0 0 1355 4659">
    <p class='ocr_par' dir='ltr' id='par_1_4' title="bbox 0 0 1355 4659">
     <span class='ocr_line' id='line_1_34' title="bbox 0 0 1355 4659; baseline 0 0"><span class='ocrx_word' id='word_1_188' title='bbox 0 0 1355 4659; x_wconf 95' lang='lat' dir='ltr'> </span> 
     </span>
    </p>
   </div>
  </div>
 </body>
</html>
