2692 4659
255 666 580 720 mmm
615 668 663 710 xlll
696 667 1017 721 memma

257 800 364 860 Maria
386 801 524 862 habere:
553 811 585 862 et
606 802 680 862 ideo
710 819 775 862 non
798 802 930 880 potuisti
953 811 1016 862 tam

256 898 322 957 cito
345 898 492 959 libellum
513 900 673 960 invenire.
716 900 845 960 Bonum
869 909 919 960 est
941 917 1018 976 ergo

255 995 329 1055 Ave
346 996 451 1057 Maria
473 1014 571 1074 saepe
593 998 719 1075 legere:
742 1007 774 1058 et
790 1008 925 1058 matrem
943 999 1017 1058 lesu

255 1093 376 1154 devote
399 1095 563 1156 invocare.

579 1335 697 1384 ALIVD.
1027 1339 1041 1379 5

255 1424 488 1655 Quidam
513 1489 612 1550 frater
636 1489 786 1549 scribens
815 1488 849 1549 in
878 1490 960 1549 cella
982 1490 1018 1549 li·

400 1587 1019 1648 bros:diaboloinsidiantesordidaco·

255 1685 413 1761 gitatione
444 1685 686 1745 molestabatur.
738 1684 835 1761 Quod
871 1685 1019 1745 sentiens

257 1794 290 1843 et
311 1783 445 1859 indigne
469 1783 580 1843 ferens
600 1785 708 1845 statim
725 1783 876 1859 surrexit,
899 1792 933 1843 ut
955 1784 1018 1843 cel·

256 1884 320 1942 lam
351 1881 472 1942 exiret:
504 1890 536 1941 et
567 1882 662 1942 istam
685 1882 891 1941 vexationem
921 1881 1054 1941 citius10

256 1980 421 2040 evaderet.
465 1980 529 2040 Sed
551 1990 724 2057 antequam
745 1980 855 2055 exivit,
878 1981 948 2039 Deo
970 1980 1018 2039 in·

256 2080 403 2156 spirante
426 2079 569 2156 respexit
590 2080 629 2140 ad
651 2080 764 2139 beatae
781 2078 918 2155 virginis
940 2078 1017 2138 ima-

255 2177 378 2253 ginem,
400 2194 496 2253 quam
519 2178 603 2253 apud
625 2194 662 2236 se
685 2177 838 2237 habebat:
867 2185 899 2237 et
921 2176 1018 2236 devo-

255 2275 357 2335 tionis
379 2292 477 2335 causa
493 2276 633 2335 salutare
649 2275 783 2334 solebat.
820 2274 899 2333 Nlox
921 2274 1019 2351 igitur

257 2372 348 2433 flexit
369 2390 492 2450 genua:
521 2381 553 2432 et
582 2371 703 2431 iunctis
731 2370 883 2431 manibus
911 2371 1054 2447 coepitis

256 2471 368 2546 legere
391 2470 508 2529 devote
530 2468 601 2530 Ave
624 2468 739 2528 Maria.
783 2468 821 2528 Et
843 2486 921 2529 ecce
943 2486 1018 2528 con·

256 2567 350 2627 tinuo
382 2567 475 2627 affuit
506 2567 607 2643 gratia
638 2566 766 2642 divina;
802 2567 1018 2627 subveniente

256 2666 320 2726 sibi
344 2666 397 2743 pia
418 2666 550 2726 domina
574 2674 686 2725 nostra
709 2665 829 2725 Maria:
859 2683 932 2726 cum
963 2682 1019 2724 no·

255 2764 313 2824 bili
343 2765 437 2840 prole
466 2781 526 2824 sua
550 2765 731 2825 benedicta.
775 2766 858 2825 Nam
891 2764 1019 2840 incepta

256 2873 291 2924 et
312 2864 439 2924 intente
463 2864 607 2940 perlecta
635 2863 829 2923 salutatione
857 2862 1055 2939 angelica;2o

257 2978 334 3021 cum
357 2960 391 3020 in
415 2960 479 3020 line
502 2962 564 3021 iam
583 2961 730 3036 dixisset,
754 2962 847 3020 lesus
864 2960 1019 3022 Christus

256 3075 372 3119 amen:
395 3076 470 3119 mox
492 3058 525 3118 in
543 3068 648 3118 semet
670 3059 742 3135 ipso
758 3058 862 3118 sensit
878 3058 939 3117 Dei
955 3058 1019 3117 vir-

255 3166 380 3231 tutem,
410 3165 442 3216 et
464 3156 503 3215 ab
525 3155 612 3215 omni
636 3172 721 3215 noxa
749 3155 903 3232 quietem.
946 3155 1019 3214 Stu-

257 3271 342 3330 pens
365 3270 443 3330 ergo
465 3252 505 3312 de
527 3252 626 3312 celeri
649 3252 874 3328 exauditione;
901 3270 1019 3329 cogno-

257 3352 305 3412 vit
314 3352 348 3411 in
357 3350 521 3428 praesenti
534 3351 681 3425 articulo,
694 3368 841 3427 magnam
853 3351 1018 3426 angelicae
1027 3364 1054 3405 25

256 3448 466 3509 salutationis
488 3448 677 3509 utilitatem:
707 3457 819 3508 contra
841 3448 1018 3523 quamlibet

257 3546 366 3607 hostis
389 3545 677 3622 impugnationem.
720 3546 758 3605 Et
779 3545 898 3622 gratias
918 3562 1018 3622 agens

258 3646 345 3718 Deo,
365 3643 409 3703 ait
431 3643 515 3703 intra
536 3659 583 3703 se.
616 3642 711 3702 Nunc
734 3642 803 3702 scio
826 3660 919 3702 vere:
942 3642 1018 3718 quia

257 3751 378 3818 potens
406 3749 457 3801 est
478 3740 609 3801 domina
638 3750 749 3801 nostra
776 3751 888 3800 sancta
914 3741 1018 3800 Maria

619 3845 659 3887 aur
