2692 4659
292 679 453 731 emm*
482 676 644 719 sermones
659 677 700 718 nn
716 674 865 718 uoncros
890 676 1058 728 ww

294 809 1058 886 ciemtenentaethereicoloris,designantcon·

293 911 537 987 templationem
552 910 674 987 gloriae
690 908 843 969 caelestis
855 916 887 967 et
897 925 1055 984 magnum

293 1009 492 1069 desiderium
523 1008 743 1085 perlectorum
772 1016 804 1066 et
830 1005 1055 1066 inclusorum:

293 1107 348 1184 qui
364 1107 473 1167 oblitis
483 1106 636 1167 omnibus
646 1104 769 1165 infimis
780 1115 812 1165 et
822 1104 1054 1179 praesentibus

270 1204 388 1264 sbonis
410 1205 581 1280 perituris,
607 1204 806 1264 meditantur
826 1211 977 1278 aeterna3
1006 1202 1055 1262 in·

294 1303 449 1379 hiantque
472 1303 677 1363 incessanter
698 1302 736 1361 ad
754 1300 974 1377 praesentiam
991 1301 1053 1361 Dei

294 1409 325 1460 et
347 1401 536 1477 angelorum
559 1402 740 1462 consortia:
767 1400 821 1461 ubi
844 1400 954 1460 omnia
977 1409 1054 1460 sunt

293 1498 467 1574 tranquilla
488 1499 630 1560 iucunda
650 1508 747 1575 atque
769 1497 924 1575 perlecta.
959 1498 1003 1558 Hi
1020 1498 1051 1557 in

294 1595 440 1656 oratione
458 1597 649 1673 frequenter
663 1596 804 1672 accensi,
826 1595 963 1671 cupiunt
979 1613 1051 1655 curn

261 1696 387 1755 10beato
412 1696 512 1756 Paulo
535 1715 553 1756 a
574 1696 706 1756 vinculo
729 1693 876 1771 corporis
899 1693 1052 1768 dissolvi;

294 1803 326 1853 et
354 1811 428 1853 cum
453 1794 521 1853 Elia
548 1794 582 1854 in
611 1794 707 1871 igneo
736 1810 832 1853 curru
862 1791 901 1850 ad
925 1793 1049 1853 caelum

293 1890 481 1951 transferri:
507 1901 539 1951 et
561 1891 696 1952 Christo
719 1891 752 1950 in
775 1907 875 1966 regno
897 1907 959 1950 suo
984 1890 1050 1950 leli·

294 1989 376 2049 citer
405 1990 622 2065 praesentari3
651 1989 705 2049 ubi
735 2005 867 2064 semper
891 1987 1050 2064 gaudeant

295 2096 326 2147 et
348 2087 522 2163 epulentur
544 2087 576 2146 in
595 2095 773 2162 conspectu
789 2085 868 2145 Dei:
892 2085 1048 2146 laudando

260 2198 284 2239 15
295 2196 327 2246 et
344 2187 490 2246 canendo
506 2203 579 2245 cum
596 2185 720 2262 angelis
736 2183 858 2244 sanctis
874 2184 947 2245 sine
963 2182 1046 2244 omni

294 2283 527 2360 impedimento
554 2294 586 2343 et
607 2284 718 2343 labore
739 2281 916 2342 altissimas
939 2283 1047 2342 laudes

294 2399 441 2442 summae
470 2380 617 2442 Trinitati
647 2381 681 2441 in
710 2388 884 2456 perpetuas
914 2378 1046 2440 aeterni·

294 2489 385 2539 tates
424 2480 467 2539 Hi
491 2479 589 2539 flores
612 2479 738 2539 scilicet
760 2477 991 2538 meditationes
1012 2477 1046 2537 de

294 2576 491 2637 caelestibus
513 2577 639 2653 gaudiis
656 2576 751 2636 valde
767 2585 883 2635 ornant
898 2588 1046 2635 coronam

258 2687 285 2728 2⁰
295 2675 469 2735 cuiuslibet
484 2691 596 2734 sacrae
612 2673 749 2750 virginis
765 2682 796 2733 et
807 2673 936 2733 animae
948 2671 1048 2733 fidelis

295 2773 466 2834 Christum
483 2772 668 2832 cordialiter
682 2771 834 2831 amantis:
850 2780 883 2831 et
894 2772 933 2830 ad
945 2772 1046 2831 Deum

181 2850 276 2963 floss-{M
295 2871 418 2931 fontem
447 2871 558 2930 vivum
587 2870 681 2929 avide
707 2868 857 2929 sitientia.
901 2869 946 2928 Hi
969 2863 1047 2928 sacri

189 2976 274 3017 aranea
296 2968 393 3029 flores
415 2968 555 3028 maxime
577 2966 790 3027 inveniuntur
805 2976 837 3026 et
851 2966 1006 3042 leguntur
1020 2966 1048 3025 in

295 3066 493 3142 evangelicis
519 3064 620 3141 pratis
642 3074 673 3125 et
695 3064 835 3125 hortulis
858 3064 1050 3135 Salvatoris;

245 3182 285 3222 ·25
295 3164 480 3223 meditando
494 3164 534 3223 de
544 3163 671 3239 gaudiis
684 3161 876 3222 Dominicae
888 3178 1051 3222 resurrec-

294 3260 394 3321 tionis
416 3260 631 3335 ascensionis
653 3269 686 3320 et
708 3258 849 3336 Spiritus
871 3260 977 3319 sancti
1001 3261 1052 3320 do·

295 3359 362 3418 nis:
385 3368 417 3419 et
432 3359 472 3419 de
488 3358 655 3419 miraculis
670 3375 728 3435 per
743 3357 910 3433 apostolos
927 3353 1051 3420 Christi

294 3458 328 3518 in
350 3457 514 3533 primitiva
535 3456 676 3517 ecclesia
697 3456 730 3515 in
746 3454 879 3515 nomine
896 3455 974 3515 lesu
990 3456 1054 3533 glo·

295 3555 381 3615 riose
396 3554 599 3631 perpetratis,
629 3554 734 3615 Simili
750 3553 845 3613 modo
862 3570 902 3612 ex
918 3549 1054 3630 speciali

258 3674 285 3714 ao
295 3653 468 3713 devotione
490 3661 666 3728 carpuntur
682 3652 780 3711 llores
795 3651 950 3711 caelestis
965 3652 1056 3713 laeti·

295 3752 358 3811 tiae
381 3751 413 3810 in
436 3750 574 3827 singulis
598 3748 828 3809 festivitatibus
843 3747 1057 3809 beatissimae

652 3855 693 3897 aaz
