<?xml version="1.0" encoding="UTF-8"?>
<!DOCTYPE html PUBLIC "-//W3C//DTD XHTML 1.0 Transitional//EN"
    "http://www.w3.org/TR/xhtml1/DTD/xhtml1-transitional.dtd">
<html xmlns="http://www.w3.org/1999/xhtml" xml:lang="en" lang="en">
 <head>
  <title>
</title>
<meta http-equiv="Content-Type" content="text/html;charset=utf-8" />
  <meta name='ocr-system' content='tesseract 3.04.00' />
  <meta name='ocr-capabilities' content='ocr_page ocr_carea ocr_par ocr_line ocrx_word'/>
</head>
<body>
  <div class='ocr_page' id='page_1' title='image "./thomaehemerkena00pohlgoog_0402.png"; bbox 0 0 2692 4659; ppageno 0'>
   <div class='ocr_carea' id='block_1_1' title="bbox 366 703 1095 761">
    <p class='ocr_par' dir='ltr' id='par_1_1' title="bbox 366 703 1095 761">
     <span class='ocr_line' id='line_1_1' title="bbox 366 703 1095 761; baseline 0.01 -16"><span class='ocrx_word' id='word_1_1' title='bbox 366 707 528 761; x_wconf 52' lang='lat' dir='ltr'><strong>mm</strong></span> <span class='ocrx_word' id='word_1_2' title='bbox 546 707 614 750; x_wconf 78' lang='lat' dir='ltr'><strong>vtTn</strong></span> <span class='ocrx_word' id='word_1_3' title='bbox 630 706 794 750; x_wconf 79' lang='lat' dir='ltr'>LIDEWIGIS</span> <span class='ocrx_word' id='word_1_4' title='bbox 811 706 949 750; x_wconf 67' lang='lat' dir='ltr'><strong>vinantis</strong></span> <span class='ocrx_word' id='word_1_5' title='bbox 964 703 1095 759; x_wconf 47' lang='lat' dir='ltr'><strong>&amp;midi</strong></span> 
     </span>
    </p>
   </div>
   <div class='ocr_carea' id='block_1_2' title="bbox 326 838 1113 3745">
    <p class='ocr_par' dir='ltr' id='par_1_2' title="bbox 326 838 1113 3745">
     <span class='ocr_line' id='line_1_2' title="bbox 368 838 1095 918; baseline -0.006 -18"><span class='ocrx_word' id='word_1_6' title='bbox 368 839 583 901; x_wconf 85' lang='lat' dir='ltr'><strong>existentibus</strong></span> <span class='ocrx_word' id='word_1_7' title='bbox 621 842 716 901; x_wconf 91' lang='lat' dir='ltr'><strong>obest</strong></span> <span class='ocrx_word' id='word_1_8' title='bbox 747 851 779 902; x_wconf 92' lang='lat' dir='ltr'><strong>et</strong></span> <span class='ocrx_word' id='word_1_9' title='bbox 809 841 938 918; x_wconf 85' lang='lat' dir='ltr'><strong>nocuit3</strong></span> <span class='ocrx_word' id='word_1_10' title='bbox 968 841 1045 918; x_wconf 91' lang='lat' dir='ltr'><strong>quod</strong></span> <span class='ocrx_word' id='word_1_11' title='bbox 1072 838 1095 897; x_wconf 89' lang='lat' dir='ltr'><strong>in</strong></span> 
     </span>
     <span class='ocr_line' id='line_1_3' title="bbox 368 938 1096 1016; baseline -0.004 -19"><span class='ocrx_word' id='word_1_12' title='bbox 368 938 489 998; x_wconf 90' lang='lat' dir='ltr'><strong>mundo</strong></span> <span class='ocrx_word' id='word_1_13' title='bbox 518 940 619 999; x_wconf 87' lang='lat' dir='ltr'><strong>multa</strong></span> <span class='ocrx_word' id='word_1_14' title='bbox 647 939 785 999; x_wconf 85' lang='lat' dir='ltr'><strong>adversa</strong></span> <span class='ocrx_word' id='word_1_15' title='bbox 813 957 872 1016; x_wconf 91' lang='lat' dir='ltr'><strong>pro</strong></span> <span class='ocrx_word' id='word_1_16' title='bbox 896 938 1025 1001; x_wconf 90' lang='lat' dir='ltr'><strong>Christo</strong></span> <span class='ocrx_word' id='word_1_17' title='bbox 1043 953 1096 1013; x_wconf 90' lang='lat' dir='ltr'><strong>per·</strong></span> 
     </span>
     <span class='ocr_line' id='line_1_4' title="bbox 366 1034 1096 1112; baseline -0.003 -17"><span class='ocrx_word' id='word_1_18' title='bbox 366 1036 455 1112; x_wconf 92' lang='lat' dir='ltr'><strong>pessi</strong></span> <span class='ocrx_word' id='word_1_19' title='bbox 485 1037 587 1096; x_wconf 78' lang='lat' dir='ltr'><strong>sunt?</strong></span> <span class='ocrx_word' id='word_1_20' title='bbox 617 1034 709 1096; x_wconf 91' lang='lat' dir='ltr'><strong>Tunc</strong></span> <span class='ocrx_word' id='word_1_21' title='bbox 732 1037 873 1097; x_wconf 87' lang='lat' dir='ltr'><strong>accessit</strong></span> <span class='ocrx_word' id='word_1_22' title='bbox 895 1037 934 1097; x_wconf 91' lang='lat' dir='ltr'><strong>ad</strong></span> <span class='ocrx_word' id='word_1_23' title='bbox 957 1054 1023 1097; x_wconf 89' lang='lat' dir='ltr'><strong>eam</strong></span> <span class='ocrx_word' id='word_1_24' title='bbox 1042 1037 1096 1095; x_wconf 89' lang='lat' dir='ltr'><strong>bea·</strong></span> 
     </span>
     <span class='ocr_line' id='line_1_5' title="bbox 367 1133 1097 1213; baseline -0.008 -19"><span class='ocrx_word' id='word_1_25' title='bbox 367 1134 493 1194; x_wconf 90' lang='lat' dir='ltr'><strong>tissima</strong></span> <span class='ocrx_word' id='word_1_26' title='bbox 515 1133 606 1211; x_wconf 87' lang='lat' dir='ltr'><strong>virgo</strong></span> <span class='ocrx_word' id='word_1_27' title='bbox 630 1134 735 1194; x_wconf 83' lang='lat' dir='ltr'><strong>Maria</strong></span> <span class='ocrx_word' id='word_1_28' title='bbox 757 1135 790 1194; x_wconf 93' lang='lat' dir='ltr'><strong>in</strong></span> <span class='ocrx_word' id='word_1_29' title='bbox 814 1152 931 1212; x_wconf 85' lang='lat' dir='ltr'><strong>magna</strong></span> <span class='ocrx_word' id='word_1_30' title='bbox 953 1134 1059 1213; x_wconf 82' lang='lat' dir='ltr'><strong>gioria:</strong></span> <span class='ocrx_word' id='word_1_31' title='bbox 1076 1140 1097 1190; x_wconf 89' lang='lat' dir='ltr'><strong>et</strong></span> 
     </span>
     <span class='ocr_line' id='line_1_6' title="bbox 344 1232 1096 1310; baseline -0.003 -20"><span class='ocrx_word' id='word_1_32' title='bbox 344 1232 581 1292; x_wconf 81' lang='lat' dir='ltr'><strong>samicabiliter</strong></span> <span class='ocrx_word' id='word_1_33' title='bbox 607 1232 778 1309; x_wconf 84' lang='lat' dir='ltr'><strong>alloquens</strong></span> <span class='ocrx_word' id='word_1_34' title='bbox 806 1232 1021 1310; x_wconf 87' lang='lat' dir='ltr'><strong>interrogabat</strong></span> <span class='ocrx_word' id='word_1_35' title='bbox 1045 1245 1096 1290; x_wconf 87' lang='lat' dir='ltr'><strong>ean</strong></span> 
     </span>
     <span class='ocr_line' id='line_1_7' title="bbox 367 1325 1097 1390; baseline -0.005 -3"><span class='ocrx_word' id='word_1_36' title='bbox 367 1329 490 1389; x_wconf 92' lang='lat' dir='ltr'><strong>dicens.</strong></span> <span class='ocrx_word' id='word_1_37' title='bbox 527 1329 598 1390; x_wconf 87' lang='lat' dir='ltr'><strong>Cur</strong></span> <span class='ocrx_word' id='word_1_38' title='bbox 629 1329 799 1389; x_wconf 89' lang='lat' dir='ltr'><strong>carissima</strong></span> <span class='ocrx_word' id='word_1_39' title='bbox 831 1329 897 1390; x_wconf 89' lang='lat' dir='ltr'><strong>iilia</strong></span> <span class='ocrx_word' id='word_1_40' title='bbox 928 1331 976 1390; x_wconf 93' lang='lat' dir='ltr'><strong>sic</strong></span> <span class='ocrx_word' id='word_1_41' title='bbox 1004 1325 1097 1390; x_wconf 87' lang='lat' dir='ltr'><strong>venisti</strong></span> 
     </span>
     <span class='ocr_line' id='line_1_8' title="bbox 366 1427 1098 1503; baseline -0.003 -18"><span class='ocrx_word' id='word_1_42' title='bbox 366 1427 454 1486; x_wconf 90' lang='lat' dir='ltr'><strong>nudo</strong></span> <span class='ocrx_word' id='word_1_43' title='bbox 477 1427 592 1503; x_wconf 88' lang='lat' dir='ltr'><strong>capite,</strong></span> <span class='ocrx_word' id='word_1_44' title='bbox 615 1436 646 1486; x_wconf 95' lang='lat' dir='ltr'><strong>et</strong></span> <span class='ocrx_word' id='word_1_45' title='bbox 668 1444 733 1486; x_wconf 95' lang='lat' dir='ltr'><strong>non</strong></span> <span class='ocrx_word' id='word_1_46' title='bbox 757 1429 900 1488; x_wconf 79' lang='lat' dir='ltr'><strong>ornato?</strong></span> <span class='ocrx_word' id='word_1_47' title='bbox 931 1428 1019 1488; x_wconf 89' lang='lat' dir='ltr'><strong>Tunc</strong></span> <span class='ocrx_word' id='word_1_48' title='bbox 1038 1429 1098 1486; x_wconf 88' lang='lat' dir='ltr'><strong>baec</strong></span> 
     </span>
     <span class='ocr_line' id='line_1_9' title="bbox 367 1524 1098 1602; baseline -0.004 -19"><span class='ocrx_word' id='word_1_49' title='bbox 367 1524 457 1601; x_wconf 87' lang='lat' dir='ltr'><strong>virgo</strong></span> <span class='ocrx_word' id='word_1_50' title='bbox 480 1525 657 1602; x_wconf 86' lang='lat' dir='ltr'><strong>respondit.</strong></span> <span class='ocrx_word' id='word_1_51' title='bbox 690 1526 873 1587; x_wconf 77' lang='lat' dir='ltr'><strong>Carissimo</strong></span> <span class='ocrx_word' id='word_1_52' title='bbox 888 1528 1017 1588; x_wconf 89' lang='lat' dir='ltr'><strong>domina</strong></span> <span class='ocrx_word' id='word_1_53' title='bbox 1030 1525 1098 1598; x_wconf 86' lang='lat' dir='ltr'><strong>virgo</strong></span> 
     </span>
     <span class='ocr_line' id='line_1_10' title="bbox 368 1616 1098 1697; baseline -0.004 -17"><span class='ocrx_word' id='word_1_54' title='bbox 368 1622 483 1697; x_wconf 84' lang='lat' dir='ltr'><strong>Maria,</strong></span> <span class='ocrx_word' id='word_1_55' title='bbox 505 1624 586 1682; x_wconf 91' lang='lat' dir='ltr'><strong>haec</strong></span> <span class='ocrx_word' id='word_1_56' title='bbox 610 1633 660 1683; x_wconf 92' lang='lat' dir='ltr'><strong>est</strong></span> <span class='ocrx_word' id='word_1_57' title='bbox 682 1624 834 1683; x_wconf 88' lang='lat' dir='ltr'><strong>voluntas</strong></span> <span class='ocrx_word' id='word_1_58' title='bbox 858 1624 991 1684; x_wconf 88' lang='lat' dir='ltr'><strong>Domini</strong></span> <span class='ocrx_word' id='word_1_59' title='bbox 1013 1632 1041 1684; x_wconf 92' lang='lat' dir='ltr'><strong>et</strong></span> <span class='ocrx_word' id='word_1_60' title='bbox 1054 1616 1098 1680; x_wconf 88' lang='lat' dir='ltr'><strong>Dei</strong></span> 
     </span>
     <span class='ocr_line' id='line_1_11' title="bbox 334 1720 1099 1782; baseline -0.009 -3"><span class='ocrx_word' id='word_1_61' title='bbox 334 1720 449 1781; x_wconf 79' lang='lat' dir='ltr'><strong>tomei:</strong></span> <span class='ocrx_word' id='word_1_62' title='bbox 465 1729 497 1780; x_wconf 91' lang='lat' dir='ltr'><strong>et</strong></span> <span class='ocrx_word' id='word_1_63' title='bbox 512 1721 560 1779; x_wconf 93' lang='lat' dir='ltr'><strong>sic</strong></span> <span class='ocrx_word' id='word_1_64' title='bbox 572 1721 687 1781; x_wconf 90' lang='lat' dir='ltr'><strong>ductor</strong></span> <span class='ocrx_word' id='word_1_65' title='bbox 702 1738 796 1780; x_wconf 91' lang='lat' dir='ltr'><strong>meus</strong></span> <span class='ocrx_word' id='word_1_66' title='bbox 812 1738 865 1781; x_wconf 94' lang='lat' dir='ltr'><strong>me</strong></span> <span class='ocrx_word' id='word_1_67' title='bbox 881 1722 1020 1782; x_wconf 86' lang='lat' dir='ltr'><strong>adduxit.</strong></span> <span class='ocrx_word' id='word_1_68' title='bbox 1041 1720 1099 1778; x_wconf 86' lang='lat' dir='ltr'>Post</span> 
     </span>
     <span class='ocr_line' id='line_1_12' title="bbox 368 1817 1099 1894; baseline -0.007 -18"><span class='ocrx_word' id='word_1_69' title='bbox 368 1817 468 1877; x_wconf 89' lang='lat' dir='ltr'><strong>muita</strong></span> <span class='ocrx_word' id='word_1_70' title='bbox 479 1817 587 1894; x_wconf 87' lang='lat' dir='ltr'><strong>itaque</strong></span> <span class='ocrx_word' id='word_1_71' title='bbox 599 1817 769 1877; x_wconf 86' lang='lat' dir='ltr'><strong>familiaria</strong></span> <span class='ocrx_word' id='word_1_72' title='bbox 780 1818 944 1894; x_wconf 87' lang='lat' dir='ltr'><strong>colloquia</strong></span> <span class='ocrx_word' id='word_1_73' title='bbox 956 1818 1015 1878; x_wconf 91' lang='lat' dir='ltr'><strong>Dei</strong></span> <span class='ocrx_word' id='word_1_74' title='bbox 1025 1829 1099 1893; x_wconf 87' lang='lat' dir='ltr'><strong>gene·</strong></span> 
     </span>
     <span class='ocr_line' id='line_1_13' title="bbox 367 1915 1100 1992; baseline -0.005 -17"><span class='ocrx_word' id='word_1_75' title='bbox 367 1915 458 1976; x_wconf 89' lang='lat' dir='ltr'><strong>tricis</strong></span> <span class='ocrx_word' id='word_1_76' title='bbox 481 1933 555 1975; x_wconf 90' lang='lat' dir='ltr'><strong>cum</strong></span> <span class='ocrx_word' id='word_1_77' title='bbox 578 1917 639 1975; x_wconf 92' lang='lat' dir='ltr'><strong>hac</strong></span> <span class='ocrx_word' id='word_1_78' title='bbox 661 1915 805 1992; x_wconf 82' lang='lat' dir='ltr'><strong>virgine3</strong></span> <span class='ocrx_word' id='word_1_79' title='bbox 827 1916 1021 1975; x_wconf 81' lang='lat' dir='ltr'><strong>adveniente</strong></span> <span class='ocrx_word' id='word_1_80' title='bbox 1041 1924 1100 1973; x_wconf 85' lang='lat' dir='ltr'><strong>ten·</strong></span> 
     </span>
     <span class='ocr_line' id='line_1_14' title="bbox 366 2009 1100 2090; baseline -0.012 -17"><span class='ocrx_word' id='word_1_81' title='bbox 366 2031 445 2090; x_wconf 88' lang='lat' dir='ltr'><strong>pore</strong></span> <span class='ocrx_word' id='word_1_82' title='bbox 477 2031 541 2090; x_wconf 91' lang='lat' dir='ltr'><strong>quo</strong></span> <span class='ocrx_word' id='word_1_83' title='bbox 573 2013 612 2073; x_wconf 96' lang='lat' dir='ltr'><strong>ad</strong></span> <span class='ocrx_word' id='word_1_84' title='bbox 646 2029 767 2072; x_wconf 91' lang='lat' dir='ltr'><strong>sensus</strong></span> <span class='ocrx_word' id='word_1_85' title='bbox 804 2030 982 2090; x_wconf 87' lang='lat' dir='ltr'><strong>corporeos</strong></span> <span class='ocrx_word' id='word_1_86' title='bbox 1017 2009 1100 2072; x_wconf 86' lang='lat' dir='ltr'><strong>redite</strong></span> 
     </span>
     <span class='ocr_line' id='line_1_15' title="bbox 366 2107 1101 2173; baseline -0.01 -2"><span class='ocrx_word' id='word_1_87' title='bbox 366 2112 493 2172; x_wconf 87' lang='lat' dir='ltr'><strong>debuit:</strong></span> <span class='ocrx_word' id='word_1_88' title='bbox 515 2114 596 2172; x_wconf 89' lang='lat' dir='ltr'><strong>haec</strong></span> <span class='ocrx_word' id='word_1_89' title='bbox 618 2111 656 2170; x_wconf 85' lang='lat' dir='ltr'><strong>ad</strong></span> <span class='ocrx_word' id='word_1_90' title='bbox 673 2129 744 2171; x_wconf 90' lang='lat' dir='ltr'><strong>eam</strong></span> <span class='ocrx_word' id='word_1_91' title='bbox 767 2121 871 2171; x_wconf 88' lang='lat' dir='ltr'><strong>mater</strong></span> <span class='ocrx_word' id='word_1_92' title='bbox 882 2110 1008 2173; x_wconf 91' lang='lat' dir='ltr'><strong>Christi</strong></span> <span class='ocrx_word' id='word_1_93' title='bbox 1024 2107 1101 2169; x_wconf 87' lang='lat' dir='ltr'><strong>verba</strong></span> 
     </span>
     <span class='ocr_line' id='line_1_16' title="bbox 332 2208 1100 2284; baseline 0.001 -17"><span class='ocrx_word' id='word_1_94' title='bbox 332 2210 483 2270; x_wconf 79' lang='lat' dir='ltr'><strong>tsintulit.</strong></span> <span class='ocrx_word' id='word_1_95' title='bbox 520 2209 702 2270; x_wconf 87' lang='lat' dir='ltr'><strong>Carissima</strong></span> <span class='ocrx_word' id='word_1_96' title='bbox 732 2209 797 2268; x_wconf 84' lang='lat' dir='ltr'><strong>filia</strong></span> <span class='ocrx_word' id='word_1_97' title='bbox 818 2208 959 2269; x_wconf 87' lang='lat' dir='ltr'><strong>viriliter</strong></span> <span class='ocrx_word' id='word_1_98' title='bbox 987 2224 1056 2284; x_wconf 85' lang='lat' dir='ltr'><strong>age,</strong></span> <span class='ocrx_word' id='word_1_99' title='bbox 1079 2210 1100 2261; x_wconf 75' lang='lat' dir='ltr'><strong>et</strong></span> 
     </span>
     <span class='ocr_line' id='line_1_17' title="bbox 366 2303 1101 2380; baseline -0.011 -14"><span class='ocrx_word' id='word_1_100' title='bbox 366 2307 568 2367; x_wconf 81' lang='lat' dir='ltr'><strong>confortetur</strong></span> <span class='ocrx_word' id='word_1_101' title='bbox 596 2323 652 2365; x_wconf 88' lang='lat' dir='ltr'><strong>cor</strong></span> <span class='ocrx_word' id='word_1_102' title='bbox 678 2316 786 2380; x_wconf 88' lang='lat' dir='ltr'><strong>tuum,</strong></span> <span class='ocrx_word' id='word_1_103' title='bbox 815 2305 848 2364; x_wconf 95' lang='lat' dir='ltr'><strong>in</strong></span> <span class='ocrx_word' id='word_1_104' title='bbox 871 2306 1039 2366; x_wconf 82' lang='lat' dir='ltr'><strong>tolerantia</strong></span> <span class='ocrx_word' id='word_1_105' title='bbox 1061 2303 1101 2362; x_wconf 92' lang='lat' dir='ltr'><strong>do-</strong></span> 
     </span>
     <span class='ocr_line' id='line_1_18' title="bbox 365 2399 1102 2481; baseline 0.003 -17"><span class='ocrx_word' id='word_1_106' title='bbox 365 2405 487 2464; x_wconf 88' lang='lat' dir='ltr'><strong>iorum:</strong></span> <span class='ocrx_word' id='word_1_107' title='bbox 510 2404 586 2481; x_wconf 87' lang='lat' dir='ltr'><strong>quia</strong></span> <span class='ocrx_word' id='word_1_108' title='bbox 608 2421 665 2480; x_wconf 88' lang='lat' dir='ltr'><strong>pro</strong></span> <span class='ocrx_word' id='word_1_109' title='bbox 688 2404 740 2462; x_wconf 92' lang='lat' dir='ltr'><strong>his</strong></span> <span class='ocrx_word' id='word_1_110' title='bbox 763 2420 846 2479; x_wconf 85' lang='lat' dir='ltr'><strong>quae</strong></span> <span class='ocrx_word' id='word_1_111' title='bbox 876 2421 963 2463; x_wconf 90' lang='lat' dir='ltr'><strong>nunc</strong></span> <span class='ocrx_word' id='word_1_112' title='bbox 993 2399 1102 2481; x_wconf 75' lang='lat' dir='ltr'><strong>pateris,</strong></span> 
     </span>
     <span class='ocr_line' id='line_1_19' title="bbox 366 2502 1103 2578; baseline -0.008 -17"><span class='ocrx_word' id='word_1_113' title='bbox 366 2502 547 2562; x_wconf 87' lang='lat' dir='ltr'><strong>mirabilem</strong></span> <span class='ocrx_word' id='word_1_114' title='bbox 584 2512 615 2561; x_wconf 93' lang='lat' dir='ltr'><strong>et</strong></span> <span class='ocrx_word' id='word_1_115' title='bbox 651 2519 799 2577; x_wconf 85' lang='lat' dir='ltr'><strong>magnam</strong></span> <span class='ocrx_word' id='word_1_116' title='bbox 835 2503 973 2578; x_wconf 83' lang='lat' dir='ltr'><strong>gloriam</strong></span> <span class='ocrx_word' id='word_1_117' title='bbox 1010 2513 1103 2561; x_wconf 89' lang='lat' dir='ltr'><strong>conse·</strong></span> 
     </span>
     <span class='ocr_line' id='line_1_20' title="bbox 365 2592 1102 2676; baseline -0.007 -16"><span class='ocrx_word' id='word_1_118' title='bbox 365 2600 486 2676; x_wconf 88' lang='lat' dir='ltr'><strong>queris.</strong></span> <span class='ocrx_word' id='word_1_119' title='bbox 523 2599 655 2659; x_wconf 78' lang='lat' dir='ltr'><strong>Addidit</strong></span> <span class='ocrx_word' id='word_1_120' title='bbox 685 2616 815 2676; x_wconf 89' lang='lat' dir='ltr'><strong>quoque</strong></span> <span class='ocrx_word' id='word_1_121' title='bbox 845 2601 939 2660; x_wconf 88' lang='lat' dir='ltr'><strong>beata</strong></span> <span class='ocrx_word' id='word_1_122' title='bbox 961 2601 1048 2676; x_wconf 86' lang='lat' dir='ltr'><strong>virgo</strong></span> <span class='ocrx_word' id='word_1_123' title='bbox 1075 2592 1102 2655; x_wconf 85' lang='lat' dir='ltr'><strong>ad</strong></span> 
     </span>
     <span class='ocr_line' id='line_1_21' title="bbox 328 2696 1103 2774; baseline -0.005 -20"><span class='ocrx_word' id='word_1_124' title='bbox 328 2715 436 2758; x_wconf 84' lang='lat' dir='ltr'><strong>aoeam</strong></span> <span class='ocrx_word' id='word_1_125' title='bbox 477 2697 657 2774; x_wconf 85' lang='lat' dir='ltr'><strong>inquirens.</strong></span> <span class='ocrx_word' id='word_1_126' title='bbox 701 2696 803 2756; x_wconf 91' lang='lat' dir='ltr'><strong>Visne</strong></span> <span class='ocrx_word' id='word_1_127' title='bbox 840 2697 962 2757; x_wconf 89' lang='lat' dir='ltr'><strong>habere</strong></span> <span class='ocrx_word' id='word_1_128' title='bbox 999 2706 1103 2757; x_wconf 84' lang='lat' dir='ltr'><strong>sertum</strong></span> 
     </span>
     <span class='ocr_line' id='line_1_22' title="bbox 365 2793 1104 2873; baseline -0.004 -18"><span class='ocrx_word' id='word_1_129' title='bbox 365 2814 465 2873; x_wconf 88' lang='lat' dir='ltr'><strong>super</strong></span> <span class='ocrx_word' id='word_1_130' title='bbox 486 2806 581 2871; x_wconf 87' lang='lat' dir='ltr'><strong>caput</strong></span> <span class='ocrx_word' id='word_1_131' title='bbox 603 2795 722 2854; x_wconf 82' lang='lat' dir='ltr'><strong>tuum?</strong></span> <span class='ocrx_word' id='word_1_132' title='bbox 755 2795 936 2870; x_wconf 89' lang='lat' dir='ltr'><strong>Respondit</strong></span> <span class='ocrx_word' id='word_1_133' title='bbox 960 2796 1023 2855; x_wconf 90' lang='lat' dir='ltr'><strong>illa.</strong></span> <span class='ocrx_word' id='word_1_134' title='bbox 1054 2793 1104 2867; x_wconf 80' lang='lat' dir='ltr'><strong>Ego</strong></span> 
     </span>
     <span class='ocr_line' id='line_1_23' title="bbox 365 2893 1105 2969; baseline -0.005 -17"><span class='ocrx_word' id='word_1_135' title='bbox 365 2911 429 2952; x_wconf 92' lang='lat' dir='ltr'><strong>non</strong></span> <span class='ocrx_word' id='word_1_136' title='bbox 441 2911 574 2969; x_wconf 90' lang='lat' dir='ltr'><strong>possum</strong></span> <span class='ocrx_word' id='word_1_137' title='bbox 591 2893 644 2951; x_wconf 91' lang='lat' dir='ltr'><strong>hic</strong></span> <span class='ocrx_word' id='word_1_138' title='bbox 656 2893 776 2951; x_wconf 85' lang='lat' dir='ltr'><strong>habere</strong></span> <span class='ocrx_word' id='word_1_139' title='bbox 788 2893 990 2952; x_wconf 90' lang='lat' dir='ltr'><strong>voluntatem</strong></span> <span class='ocrx_word' id='word_1_140' title='bbox 1007 2904 1105 2952; x_wconf 83' lang='lat' dir='ltr'><strong>mean.</strong></span> 
     </span>
     <span class='ocr_line' id='line_1_24' title="bbox 365 2990 1104 3067; baseline -0.008 -16"><span class='ocrx_word' id='word_1_141' title='bbox 365 2991 451 3051; x_wconf 90' lang='lat' dir='ltr'><strong>Cum</strong></span> <span class='ocrx_word' id='word_1_142' title='bbox 483 3009 561 3067; x_wconf 85' lang='lat' dir='ltr'><strong>ergo</strong></span> <span class='ocrx_word' id='word_1_143' title='bbox 583 2991 622 3050; x_wconf 89' lang='lat' dir='ltr'><strong>ad</strong></span> <span class='ocrx_word' id='word_1_144' title='bbox 645 2990 812 3050; x_wconf 87' lang='lat' dir='ltr'><strong>ductorem</strong></span> <span class='ocrx_word' id='word_1_145' title='bbox 842 3008 940 3050; x_wconf 89' lang='lat' dir='ltr'><strong>suum</strong></span> <span class='ocrx_word' id='word_1_146' title='bbox 971 2990 1104 3067; x_wconf 86' lang='lat' dir='ltr'><strong>angeium</strong></span> 
     </span>
     <span class='ocr_line' id='line_1_25' title="bbox 364 3088 1105 3164; baseline -0.005 -17"><span class='ocrx_word' id='word_1_147' title='bbox 364 3088 564 3164; x_wconf 85' lang='lat' dir='ltr'><strong>aspexisset,</strong></span> <span class='ocrx_word' id='word_1_148' title='bbox 587 3097 619 3147; x_wconf 93' lang='lat' dir='ltr'><strong>et</strong></span> <span class='ocrx_word' id='word_1_149' title='bbox 641 3088 697 3147; x_wconf 88' lang='lat' dir='ltr'><strong>ille</strong></span> <span class='ocrx_word' id='word_1_150' title='bbox 719 3088 896 3164; x_wconf 89' lang='lat' dir='ltr'><strong>resignanti</strong></span> <span class='ocrx_word' id='word_1_151' title='bbox 921 3091 1105 3150; x_wconf 82' lang='lat' dir='ltr'><strong>voluntatem</strong></span> 
     </span>
     <span class='ocr_line' id='line_1_26' title="bbox 326 3183 1107 3262; baseline -0.004 -21"><span class='ocrx_word' id='word_1_152' title='bbox 326 3201 455 3244; x_wconf 72' lang='lat' dir='ltr'><strong>assuam</strong></span> <span class='ocrx_word' id='word_1_153' title='bbox 485 3186 710 3245; x_wconf 87' lang='lat' dir='ltr'><strong>consensisset</strong></span> <span class='ocrx_word' id='word_1_154' title='bbox 740 3196 773 3246; x_wconf 89' lang='lat' dir='ltr'><strong>ut</strong></span> <span class='ocrx_word' id='word_1_155' title='bbox 800 3187 983 3262; x_wconf 84' lang='lat' dir='ltr'><strong>acciperet3</strong></span> <span class='ocrx_word' id='word_1_156' title='bbox 1012 3183 1107 3258; x_wconf 86' lang='lat' dir='ltr'><strong>accipe</strong></span> 
     </span>
     <span class='ocr_line' id='line_1_27' title="bbox 365 3283 1108 3361; baseline -0.001 -21"><span class='ocrx_word' id='word_1_157' title='bbox 365 3283 468 3358; x_wconf 89' lang='lat' dir='ltr'><strong>inquit</strong></span> <span class='ocrx_word' id='word_1_158' title='bbox 483 3284 576 3342; x_wconf 87' lang='lat' dir='ltr'><strong>beata</strong></span> <span class='ocrx_word' id='word_1_159' title='bbox 588 3284 679 3360; x_wconf 89' lang='lat' dir='ltr'><strong>virgo</strong></span> <span class='ocrx_word' id='word_1_160' title='bbox 695 3286 757 3343; x_wconf 91' lang='lat' dir='ltr'><strong>hoc</strong></span> <span class='ocrx_word' id='word_1_161' title='bbox 773 3295 897 3343; x_wconf 88' lang='lat' dir='ltr'><strong>sertum</strong></span> <span class='ocrx_word' id='word_1_162' title='bbox 915 3302 1017 3361; x_wconf 88' lang='lat' dir='ltr'><strong>super</strong></span> <span class='ocrx_word' id='word_1_163' title='bbox 1028 3289 1108 3358; x_wconf 88' lang='lat' dir='ltr'><strong>caput</strong></span> 
     </span>
     <span class='ocr_line' id='line_1_28' title="bbox 365 3380 1110 3457; baseline -0.001 -20"><span class='ocrx_word' id='word_1_164' title='bbox 365 3389 472 3438; x_wconf 84' lang='lat' dir='ltr'><strong>tuum:</strong></span> <span class='ocrx_word' id='word_1_165' title='bbox 484 3380 570 3454; x_wconf 89' lang='lat' dir='ltr'><strong>quod</strong></span> <span class='ocrx_word' id='word_1_166' title='bbox 582 3380 645 3438; x_wconf 91' lang='lat' dir='ltr'><strong>nisi</strong></span> <span class='ocrx_word' id='word_1_167' title='bbox 662 3390 787 3456; x_wconf 89' lang='lat' dir='ltr'><strong>septem</strong></span> <span class='ocrx_word' id='word_1_168' title='bbox 804 3381 895 3440; x_wconf 85' lang='lat' dir='ltr'><strong>horis</strong></span> <span class='ocrx_word' id='word_1_169' title='bbox 912 3383 1032 3457; x_wconf 89' lang='lat' dir='ltr'><strong>poterit</strong></span> <span class='ocrx_word' id='word_1_170' title='bbox 1046 3393 1110 3440; x_wconf 86' lang='lat' dir='ltr'><strong>esse</strong></span> 
     </span>
     <span class='ocr_line' id='line_1_29' title="bbox 363 3476 1110 3555; baseline 0 -21"><span class='ocrx_word' id='word_1_171' title='bbox 363 3493 463 3552; x_wconf 88' lang='lat' dir='ltr'><strong>super</strong></span> <span class='ocrx_word' id='word_1_172' title='bbox 498 3486 626 3536; x_wconf 88' lang='lat' dir='ltr'><strong>terram.</strong></span> <span class='ocrx_word' id='word_1_173' title='bbox 669 3476 772 3537; x_wconf 87' lang='lat' dir='ltr'><strong>Trade</strong></span> <span class='ocrx_word' id='word_1_174' title='bbox 804 3495 936 3555; x_wconf 90' lang='lat' dir='ltr'><strong>quoque</strong></span> <span class='ocrx_word' id='word_1_175' title='bbox 973 3480 1051 3539; x_wconf 90' lang='lat' dir='ltr'><strong>iilud</strong></span> <span class='ocrx_word' id='word_1_176' title='bbox 1084 3476 1110 3535; x_wconf 92' lang='lat' dir='ltr'><strong>in</strong></span> 
     </span>
     <span class='ocr_line' id='line_1_30' title="bbox 363 3573 1111 3654; baseline 0.001 -23"><span class='ocrx_word' id='word_1_177' title='bbox 363 3591 479 3632; x_wconf 88' lang='lat' dir='ltr'><strong>manus</strong></span> <span class='ocrx_word' id='word_1_178' title='bbox 511 3575 712 3634; x_wconf 86' lang='lat' dir='ltr'><strong>confessoris</strong></span> <span class='ocrx_word' id='word_1_179' title='bbox 744 3575 807 3649; x_wconf 90' lang='lat' dir='ltr'><strong>tui;</strong></span> <span class='ocrx_word' id='word_1_180' title='bbox 838 3586 870 3636; x_wconf 93' lang='lat' dir='ltr'><strong>et</strong></span> <span class='ocrx_word' id='word_1_181' title='bbox 899 3576 952 3636; x_wconf 93' lang='lat' dir='ltr'><strong>dic</strong></span> <span class='ocrx_word' id='word_1_182' title='bbox 982 3578 1011 3637; x_wconf 89' lang='lat' dir='ltr'><strong>ei</strong></span> <span class='ocrx_word' id='word_1_183' title='bbox 1036 3573 1111 3654; x_wconf 89' lang='lat' dir='ltr'><strong>quod</strong></span> 
     </span>
     <span class='ocr_line' id='line_1_31' title="bbox 326 3672 1113 3745; baseline -0.003 -15"><span class='ocrx_word' id='word_1_184' title='bbox 326 3687 422 3745; x_wconf 83' lang='lat' dir='ltr'><strong>aoego</strong></span> <span class='ocrx_word' id='word_1_185' title='bbox 446 3672 605 3731; x_wconf 92' lang='lat' dir='ltr'><strong>demando</strong></span> <span class='ocrx_word' id='word_1_186' title='bbox 635 3672 697 3730; x_wconf 91' lang='lat' dir='ltr'><strong>sibi</strong></span> <span class='ocrx_word' id='word_1_187' title='bbox 722 3681 755 3732; x_wconf 92' lang='lat' dir='ltr'><strong>ut</strong></span> <span class='ocrx_word' id='word_1_188' title='bbox 778 3673 933 3733; x_wconf 88' lang='lat' dir='ltr'><strong>credulus</strong></span> <span class='ocrx_word' id='word_1_189' title='bbox 962 3675 1004 3735; x_wconf 92' lang='lat' dir='ltr'><strong>sit</strong></span> <span class='ocrx_word' id='word_1_190' title='bbox 1027 3672 1113 3733; x_wconf 93' lang='lat' dir='ltr'><strong>donis</strong></span> 
     </span>
    </p>
   </div>
   <div class='ocr_carea' id='block_1_3' title="bbox 363 3770 1113 3916">
    <p class='ocr_par' dir='ltr' id='par_1_3' title="bbox 363 3770 1113 3916">
     <span class='ocr_line' id='line_1_32' title="bbox 363 3770 1113 3844; baseline 0.004 -18"><span class='ocrx_word' id='word_1_191' title='bbox 363 3771 598 3844; x_wconf 89' lang='lat' dir='ltr'><strong>omnipotentis</strong></span> <span class='ocrx_word' id='word_1_192' title='bbox 635 3771 691 3830; x_wconf 87' lang='lat' dir='ltr'><strong>filii</strong></span> <span class='ocrx_word' id='word_1_193' title='bbox 725 3770 802 3829; x_wconf 88' lang='lat' dir='ltr'><strong>Dei:</strong></span> <span class='ocrx_word' id='word_1_194' title='bbox 835 3780 866 3830; x_wconf 93' lang='lat' dir='ltr'><strong>et</strong></span> <span class='ocrx_word' id='word_1_195' title='bbox 898 3772 961 3830; x_wconf 93' lang='lat' dir='ltr'><strong>hoc</strong></span> <span class='ocrx_word' id='word_1_196' title='bbox 999 3783 1113 3832; x_wconf 89' lang='lat' dir='ltr'><strong>sertum</strong></span> 
     </span>
     <span class='ocr_line' id='line_1_33' title="bbox 719 3876 760 3916; baseline 0 0"><span class='ocrx_word' id='word_1_197' title='bbox 719 3876 760 3916; x_wconf 77' lang='lat' dir='ltr'><strong>aas</strong></span> 
     </span>
    </p>
   </div>
   <div class='ocr_carea' id='block_1_4' title="bbox 0 0 1378 4659">
    <p class='ocr_par' dir='ltr' id='par_1_4' title="bbox 0 0 1378 4659">
     <span class='ocr_line' id='line_1_34' title="bbox 0 0 1378 4659; baseline 0 0"><span class='ocrx_word' id='word_1_198' title='bbox 0 0 1378 4659; x_wconf 95' lang='lat' dir='ltr'><strong> </strong></span> 
     </span>
    </p>
   </div>
  </div>
 </body>
</html>
