2692 4659
279 644 592 697 &mmmm
619 643 683 685 xllll
708 643 1033 696 mmm&

277 778 440 854 cogitatio:
462 777 515 837 vel
538 777 571 836 in
594 776 730 836 minima
752 794 786 835 re
809 777 956 837 dubitare
978 787 1032 837 aut

276 876 430 952 conqueri
454 876 494 935 de
516 876 576 935 Dei
600 874 805 951 providentia
826 886 858 935 et
879 875 1032 935 bonitate.

274 973 482 1033 lnlirmorum
512 983 545 1034 et
565 972 792 1048 insipientium
816 989 887 1031 mos
911 982 961 1033 est
983 990 1032 1032 re·

273 1071 479 1149 prehendere
515 1080 547 1131 et
581 1071 666 1129 male
706 1069 912 1146 interpretari
950 1069 1033 1130 lacta

273 1169 484 1246 prudentium
516 1185 599 1244 quae
630 1184 697 1227 non
732 1167 942 1243 intellegunt3
977 1167 1055 1243 quis

273 1268 435 1327 mirantur
456 1276 489 1326 et
508 1265 769 1326 scandalizantur
783 1266 977 1341 plerumque
999 1265 1032 1325 in

273 1381 311 1424 se
340 1365 438 1440 ipsis:
468 1379 567 1439 quare
591 1363 682 1422 Deus
704 1362 766 1422 ista
794 1363 846 1422 vel
869 1363 940 1438 illa,
968 1373 1031 1423 tam

274 1471 386 1538 aperta
406 1462 492 1521 mala
514 1459 583 1519 lieri
606 1459 772 1536 permittit.
803 1460 932 1536 Quibus
950 1460 1033 1536 psal-

273 1560 372 1620 mista
394 1559 438 1619 ita
461 1558 646 1633 respondet.
684 1558 793 1618 Iustus
816 1558 978 1618 Dominus
1000 1557 1032 1617 in

273 1656 430 1717 omnibus
445 1654 509 1715 viis
531 1656 616 1715 suis:
636 1666 668 1716 et
685 1666 817 1716 sanctus
832 1656 865 1715 in
882 1656 1033 1716 omnibus
1044 1676 1069 1717 ro

273 1755 431 1832 operibus
453 1754 532 1814 suis,
565 1755 604 1815 Et
625 1754 754 1815 iterum.
787 1754 895 1814 Iustus
918 1771 953 1813 es
969 1755 1033 1814 Do·

273 1852 382 1914 mine:
411 1862 443 1912 et
472 1863 597 1911 rectum
626 1851 783 1911 iudicium
812 1862 913 1912 tuum.
962 1852 1033 1912 Hoc

275 1951 377 2029 igitur
392 1950 527 2010 firmiter
542 1949 691 2025 teneatis
707 1950 793 2026 quod
808 1950 842 2009 in
858 1949 945 2009 omni
962 1950 1033 2009 loco

275 2049 364 2110 oculi
398 2047 530 2107 Domini
567 2049 828 2123 contemplantur
862 2048 967 2107 bonos
1002 2056 1034 2107 et

276 2147 400 2221 malos3
429 2154 461 2205 et
481 2161 579 2204 nemo
601 2154 708 2221 potest
732 2162 768 2205 se
792 2146 993 2205 abscondere
1016 2164 1070 2207 ars

275 2244 409 2306 iudiciis
431 2243 514 2318 eius,
537 2259 599 2302 nec
621 2243 733 2302 multis
757 2244 903 2319 pulchris
924 2243 1034 2303 verbis

275 2343 363 2403 mala
382 2359 441 2401 sua
456 2357 630 2401 excusare:
652 2358 760 2416 neque
776 2341 814 2400 ad
830 2340 1032 2417 superiorem

274 2441 420 2502 iudicem
443 2438 647 2499 contentiose
670 2438 842 2514 appellare.
877 2439 1034 2515 Quicum-

275 2555 342 2615 que
366 2554 442 2613 ergo
471 2537 504 2596 in
527 2545 612 2596 statu
635 2535 750 2595 humili
781 2545 812 2595 et
838 2536 951 2596 ordine
974 2554 1034 2596 suo

275 2651 427 2709 manens
449 2645 562 2695 contra
583 2634 812 2710 temptationes
830 2643 861 2694 et
877 2634 955 2694 vitia
976 2653 1070 2695 suaao

274 2732 424 2793 strictius
434 2732 623 2809 certaverit3
634 2732 790 2792 maiorem
803 2749 889 2792 nunc
899 2732 1032 2809 gratiam

275 2830 463 2893 devotionis
485 2847 504 2888 a
526 2829 597 2889 Deo
619 2838 780 2890 meretur:
809 2840 841 2890 et
869 2830 901 2890 in
925 2831 1034 2891 futuro

274 2927 445 3004 amplioris
466 2926 589 3003 gloriae
617 2928 817 2988 beatitudine
839 2928 1034 3003 perfruetur.

276 3028 392 3087 Potest
414 3024 550 3101 quilibet
572 3025 746 3101 religiosus
774 3026 807 3086 in
832 3026 945 3086 ordine
974 3044 1034 3086 suo

275 3135 308 3186 et
331 3125 404 3184 loco
426 3141 445 3183 a
466 3123 538 3183 Deo
560 3124 622 3183 sibi
637 3124 770 3199 proviso
786 3124 925 3184 animam
942 3143 1070 3185 suamzs

274 3223 405 3283 salvare
427 3231 459 3281 et
480 3221 626 3281 virtuose
646 3222 822 3297 prolicere:
845 3221 872 3280 si
895 3221 1034 3282 sollicite

275 3329 386 3381 servat
414 3335 498 3395 quae
521 3319 599 3378 ordo
626 3318 783 3395 instituit,
812 3329 843 3379 et
872 3320 1034 3395 praelatus

277 3420 386 3478 iacere
415 3416 506 3476 iubet
535 3434 571 3475 ac
600 3418 752 3478 consulit.
802 3417 908 3477 Nemo
937 3416 1035 3494 igitur

276 3514 439 3577 instabilis
454 3530 491 3574 se
507 3515 655 3590 seducat3
670 3531 778 3592 neque
794 3515 891 3574 stulta
906 3524 938 3575 et
952 3532 1035 3574 vana

275 3612 508 3691 imaginatione
533 3612 573 3671 de
595 3612 658 3672 alio
681 3613 753 3672 loco
776 3612 910 3688 cogitet:
941 3623 972 3673 et
994 3613 1034 3671 de
1043 3632 1070 3672 ao

275 3711 411 3772 incertis
442 3709 560 3770 futuris
589 3710 782 3769 iucundiora
810 3709 870 3769 sibi
897 3711 1034 3786 prophe·

639 3816 677 3855 rm
