2692 4659
269 684 599 738 &ffifflssfflrffl
634 685 683 729 115
714 686 1035 741 wwffiffl

271 818 438 894 hendens,
449 819 687 895 quodammodo
698 819 936 896 vilipendit3eo
947 822 1033 898 quod

271 915 350 974 visu
372 924 554 976 tortuosum
580 927 613 977 et
636 916 850 993 spissitudine
874 918 1033 993 pondero-

272 1029 362 1087 sum,
377 1013 538 1074 alenitate
553 1014 698 1090 perditae
710 1015 819 1093 virgae
830 1017 926 1093 longe
937 1017 1033 1077 dista·

273 1119 341 1170 ret:
365 1128 426 1170 nec
449 1112 532 1172 bene
554 1112 615 1172 sibi
638 1114 796 1189 portabile
819 1123 850 1174 et
872 1113 1033 1191 dirigibile

274 1208 370 1267 foret.
395 1208 576 1270 Mussitans
591 1228 668 1288 ergo
680 1213 720 1272 de
732 1212 811 1273 isto:
826 1214 866 1272 ad
877 1229 913 1272 se
929 1212 1056 1287 ipsams

274 1307 374 1366 tacite
397 1307 533 1367 dicebat.
565 1309 651 1368 Num
669 1326 728 1386 ego
743 1309 807 1370 iarn
823 1311 907 1370 bene
923 1321 1034 1387 pacata

273 1404 377 1463 sum?
413 1404 502 1482 Quid
524 1414 631 1466 tamen
660 1417 786 1483 ageret3
815 1425 898 1485 quae
927 1409 1032 1468 adhuc

273 1504 430 1565 virtutem
453 1504 530 1581 ligni
554 1505 747 1582 ignorabat?
780 1508 881 1582 Rogat
896 1505 1032 1581 proinde

274 1600 445 1661 dominum
470 1602 647 1663 Iohannem
676 1605 901 1665 confessorem
924 1620 1032 1678 suum,

273 1710 310 1761 ut
332 1701 371 1761 ad
395 1702 634 1777 carpentarium
657 1712 816 1764 transeat:
840 1710 1030 1778 peteretque
1043 1713 1068 1754 1⁰

273 1799 400 1875 lignum
431 1799 518 1860 istud
541 1800 580 1860 ad
601 1818 749 1861 normam
779 1802 875 1861 ulnae
898 1800 1029 1860 dolabro

274 1897 421 1957 formari.
458 1898 640 1974 Ingreditur
668 1899 777 1976 itaque
809 1898 962 1959 sacerdos
990 1897 1030 1957 ad

273 1995 408 2055 domum
432 1995 600 2057 cuiusdam
624 1997 772 2074 cupillcis
788 1997 842 2074 qui
859 1997 912 2056 vix
928 2013 1028 2055 unum

273 2093 444 2154 dolabrum
468 2111 508 2154 ex
530 2096 641 2155 multis
669 2095 897 2155 instrumentis
919 2103 1028 2170 aptum

273 2190 352 2251 huic
384 2191 474 2266 operi
506 2191 634 2252 habuit:
665 2193 784 2252 ceteris
815 2193 847 2252 in
878 2191 1029 2252 incendio
1042 2205 1066 2245 15

273 2288 417 2349 civitatis
428 2288 518 2365 prius
529 2290 719 2350 combustis.
743 2290 896 2367 Cumque
907 2289 1029 2366 lignum

273 2387 420 2463 levigare
442 2388 617 2463 coepisset,
639 2398 671 2448 et
694 2387 773 2448 satis
796 2388 924 2448 fortiter
945 2387 1031 2447 dola-

271 2485 368 2544 brum
401 2484 579 2561 infixisset,
614 2495 722 2546 tantus
752 2486 832 2546 odor
862 2485 1031 2545 suavitatis

272 2599 313 2642 ex
338 2599 377 2641 eo
407 2584 611 2659 evaporavit,
640 2592 672 2643 et
700 2594 764 2644 tam
794 2585 913 2644 decoro
943 2582 1031 2642 intus

272 2680 385 2739 colore
400 2680 439 2740 ad
454 2681 586 2741 modum
603 2697 698 2742 cerae
721 2681 853 2757 enituit3
875 2692 910 2740 ut
921 2694 1067 2757 quam-ao

272 2777 324 2837 vis
339 2778 441 2838 aforis
452 2779 599 2839 deforme
611 2788 796 2856 appareret:
812 2778 1032 2838 indubitanter

272 2885 383 2937 tamen
395 2878 623 2954 cypressinum
636 2895 711 2938 esse
722 2878 909 2937 affirmaret.
926 2877 1032 2953 Super

273 2992 338 3051 quo
362 2974 484 3050 pariter
508 2975 666 3051 admirati,
690 2993 763 3035 curn
787 2976 940 3035 sacerdos
963 2992 1030 3034 car-

272 3071 420 3147 pentario
450 3072 601 3148 nequiret
622 3073 749 3148 dicere,
778 3073 873 3133 cuius
899 3072 1030 3150 generis

272 3170 396 3247 lignum
409 3180 497 3230 esset
508 3170 559 3229 vel
576 3170 663 3230 unde
673 3170 791 3247 virgini
808 3171 1067 3247 provenissetz25

273 3268 420 3328 certatim
456 3268 602 3328 hastulas
634 3276 666 3327 et
698 3268 854 3345 reliquias
885 3268 1030 3328 abscisas

273 3367 450 3443 rapiebant.
480 3364 571 3426 Tunc
594 3365 752 3426 suadente
768 3366 970 3441 carpentario
990 3365 1049 3431 ad,

272 3464 371 3524 alium
387 3462 556 3524 meliorem
573 3462 768 3538 operarium,
790 3464 944 3523 sacerdos
955 3480 1028 3522 cum
1059 3480 1062 3486 ·

273 3560 359 3638 ligno
382 3561 529 3638 impolito
552 3560 707 3621 accessit:
729 3571 890 3638 quatenus
913 3561 1029 3639 decen-

274 3658 336 3719 tius
366 3657 447 3718 illud
469 3658 508 3718 ad
531 3658 650 3719 lineam
680 3660 927 3736 conquadraret.
964 3658 1065 3719 Sedao

275 3757 325 3816 ubi
363 3755 484 3817 similia
518 3757 604 3818 inter
634 3774 670 3817 se
703 3774 779 3834 prae
815 3755 1028 3817 admiratione

629 3861 667 3903 aar
