2692 4659
262 674 1024 735 mmmmm&

263 825 386 869 nornen
402 811 483 871 haec
498 812 589 889 virgo
600 811 691 887 prius
704 811 879 889 ignorabat.
902 816 1021 875 Eadem

263 924 343 967 vero
368 918 464 968 nocte
486 910 578 986 virgo
600 910 738 970 orationi
762 929 898 988 vacans,
927 913 1022 972 solito

263 1021 356 1065 more
377 1023 395 1064 a
410 1006 564 1066 sensibus
580 1017 680 1083 rapta,
701 1010 791 1069 venit
806 1011 844 1069 ad
861 1012 1021 1086 quendam

264 1113 427 1178 montem3
449 1103 488 1163 ad
507 1103 602 1163 cuius
617 1105 759 1164 radicem
776 1107 905 1168 videbat
920 1109 1023 1168 horni-

264 1216 339 1259 nem
357 1210 434 1261 tunc
450 1201 512 1260 sibi
528 1201 740 1278 incognitum,
752 1205 915 1265 volentem
932 1224 1044 1267 mon-5

264 1309 328 1358 tem
346 1299 541 1359 ascendere:
556 1300 614 1359 sed
630 1317 707 1376 prae
723 1300 944 1364 invaletudine
957 1321 1022 1363 non

263 1396 438 1456 valentem.
481 1396 589 1473 Quem
620 1416 694 1458 cum
720 1400 759 1458 ob
783 1411 927 1477 rogatum
951 1402 1023 1462 eius

260 1494 294 1554 in
326 1495 452 1555 umeris
480 1496 550 1556 suis
579 1497 767 1573 impositum
797 1514 927 1557 sursum
951 1517 1022 1575 por-

259 1602 380 1652 tasset:
396 1593 510 1653 mirata
522 1594 562 1653 de
573 1594 816 1670 ponderositate
828 1596 910 1671 eius,
926 1614 1023 1672 quae-

257 1690 340 1751 sivit
364 1707 428 1766 quo
443 1692 577 1751 nomine
592 1704 773 1752 vocaretur.
807 1692 872 1768 Qui
889 1705 1059 1769 respon-10

256 1788 346 1847 dens
376 1788 428 1848 ait.
472 1789 681 1849 Baldewinus
704 1790 744 1849 de
767 1791 880 1849 Velde.
924 1791 1022 1850 lllane

256 1886 367 1960 lacto,
396 1886 548 1946 dominus
572 1881 735 1947 lohannes
765 1887 936 1947 confessor
960 1888 1023 1947 vir-

256 1983 349 2059 ginis
365 1982 534 2058 ingressus
550 1985 701 2044 cellulam
718 1985 800 2067 eius,
816 1985 940 2045 invenit
951 2002 1021 2044 eam

256 2080 357 2157 quasi
380 2098 457 2156 prae
480 2082 671 2141 lassitudine
694 2083 800 2158 magni
820 2082 939 2141 laboris
954 2100 1022 2158 gra·

256 2180 348 2239 viter
377 2180 613 2255 suspirantem:
643 2191 675 2240 et
704 2198 781 2257 prae
810 2182 940 2241 defectu
969 2180 1023 2240 vix
1034 2193 1059 2233 1⁵

256 2276 444 2338 anhelitum
460 2280 590 2337 trahere
604 2279 778 2338 valentem.
811 2277 1023 2355 Interrogavit

256 2392 341 2451 ergo
364 2376 518 2435 sacerdos
540 2393 671 2435 causam
687 2376 786 2436 huius
802 2376 974 2436 anxietatis
990 2385 1021 2435 et

256 2472 470 2548 fatigationis.
503 2474 597 2551 Quae
620 2491 689 2533 rern
713 2474 745 2533 in
768 2474 896 2534 visione
915 2484 1023 2534 osten-

256 2588 332 2630 sam
350 2587 390 2630 ex
406 2571 519 2631 ordine
534 2572 658 2647 pandit:
675 2582 706 2631 et
721 2588 841 2631 nomen
854 2572 915 2630 viri
932 2572 1023 2647 prius

256 2668 364 2745 ignoti
387 2670 473 2744 quod
489 2669 699 2728 Baldewinus
721 2680 893 2729 vocaretur
915 2669 1058 2729 edicitao

258 2767 371 2842 Super
385 2783 450 2842 quo
466 2767 601 2827 miratus
617 2768 770 2826 sacerdos
787 2767 851 2841 ille,
874 2767 1022 2827 recorda-

257 2866 357 2924 batur
374 2865 529 2924 sacristae
545 2865 579 2924 in
596 2864 813 2939 Ouderschie‚
836 2864 890 2940 qui
907 2864 1022 2923 Balde-

260 2962 1022 3039 winusvocabatur:sedagnomeneiusignora·

262 3060 325 3120 bat.
370 3060 449 3119 Post
476 3060 610 3119 biduum
640 3060 726 3119 idern
750 3059 903 3119 sacerdos
925 3076 1024 3119 causa

264 3157 494 3217 celebrationis
509 3158 599 3217 venit
621 3158 660 3217 ad
677 3158 785 3216 villarn
804 3157 902 3232 illam,
924 3157 1059 3217 inter-25

265 3273 382 3332 rogans
419 3256 573 3316 feminam
610 3256 771 3331 quandam
803 3255 843 3314 de
874 3264 958 3314 statu
990 3265 1022 3315 et

265 3353 437 3429 agnomine
453 3354 601 3413 eiusdem
618 3354 783 3413 sacristae.
816 3353 910 3429 Quae
926 3370 1022 3429 agno-

266 3467 340 3510 men
372 3451 461 3511 illius
482 3453 576 3512 sicut
605 3450 721 3527 virgini
753 3450 813 3510 luit
841 3451 1020 3510 revelatum

267 3549 380 3609 edixit:
413 3566 567 3609 asserens
598 3549 750 3609 similiter
780 3549 893 3608 eadem
926 3558 1021 3607 nocte

267 3645 472 3721 defunctum,
501 3664 564 3723 qua
586 3658 618 3707 et
640 3643 827 3724 virgo'eum
851 3647 891 3706 de
913 3646 1058 3705 radiceao

269 3744 385 3826 montis
407 3745 446 3804 ad
469 3762 626 3804 cacumen
648 3755 840 3820 portaverat.

302 3848 415 3890 Tltomaea
424 3848 451 3891 K.
460 3848 545 3901 Opera.
557 3848 593 3889 Vl.
627 3850 666 3889 417
889 3847 916 3887 27
