2692 4659
240 652 562 706 emonem
581 653 658 696 xxm
678 656 999 710 remmam>

241 785 379 846 Christo
401 804 529 847 summe
552 788 679 848 dilecta.
716 788 879 850 Omnibus
901 789 999 866 igitur

240 885 273 944 in
303 885 446 945 ecclesia
476 887 544 946 fere
574 887 777 963 congregatis
806 896 838 947 et
864 887 997 948 missam

240 982 467 1043 audientibus:
495 983 628 1059 contigit
650 984 832 1059 periculum
855 984 997 1044 incendii

240 1080 273 1139 in
286 1080 384 1139 domo
400 1080 616 1157 agriculturae
633 1091 775 1157 nostrae,
797 1082 930 1141 nemine
945 1081 998 1141 ad-

240 1179 305 1236 huc
321 1177 458 1239 sciente.
490 1179 554 1239 Sed
569 1179 644 1255 pius
659 1188 691 1239 et
707 1179 895 1239 misericors
908 1179 1020 1238 Deuss

239 1275 363 1350 optime
380 1276 536 1351 providit:
558 1278 645 1353 quod
661 1277 849 1337 incendium
866 1276 929 1337 cito
945 1294 998 1336 ex-

239 1372 379 1432 tinctum
396 1372 465 1433 fuit.
499 1374 581 1433 Nam
598 1374 701 1434 laicus
713 1374 843 1451 quidam
860 1374 998 1434 donatus

238 1480 354 1530 noster
365 1470 522 1530 Matthias
543 1471 677 1531 nomine
693 1481 766 1547 post
781 1472 997 1532 elevationem

238 1568 279 1627 de
295 1567 439 1627 ecclesia
451 1569 565 1628 exiens
581 1569 787 1644 supervenit:
804 1579 835 1630 et
852 1569 996 1629 fomitem

238 1666 325 1741 ignis
336 1664 484 1726 extinxit.
507 1666 604 1742 Quod
616 1667 742 1727 meritis
753 1664 998 1743 sanctaeAgne-
1010 1685 1034 1725 to

238 1764 280 1823 tis
296 1763 495 1823 confidimus
517 1764 763 1825 ascribendum:
786 1765 826 1824 de
842 1782 906 1841 qua
920 1774 997 1824 tunc

238 1860 428 1936 specialiter
449 1862 616 1939 legebatur
631 1862 743 1937 missa,
764 1863 802 1922 ad
819 1863 996 1939 rogandum

238 1958 368 2034 propia
390 1976 488 2018 causa
504 1959 692 2020 Dominum.
725 1961 816 2020 Deus
838 1961 925 2020 enim
942 1961 996 2037 qui

238 2057 367 2116 beatam
379 2054 540 2133 Agnetem
556 2056 589 2116 in
601 2057 709 2117 medio
726 2058 928 2118 flammarum
944 2075 997 2117 ex-

239 2153 353 2230 pansis
369 2153 520 2214 manibus
536 2165 682 2215 orantem
705 2155 850 2215 illaesam
867 2173 998 2216 conser-
1010 2173 1033 2214 rs

239 2253 343 2313 vavit:
364 2252 436 2328 ipse
458 2252 513 2311 illo
533 2252 585 2312 die
602 2253 733 2313 domum
756 2263 900 2313 nostram
923 2272 996 2314 cum

239 2350 395 2410 omnibus
426 2349 496 2409 suis
527 2350 724 2410 utensilibus
759 2350 997 2411 incombustam

237 2448 394 2525 precibus
410 2458 443 2507 et
458 2447 584 2507 meritis
599 2447 671 2506 eius
687 2448 839 2508 clementi
855 2449 997 2509 bonitate

239 2545 429 2607 custodivit.
461 2546 555 2605 Vnus
586 2544 672 2604 enim
702 2546 859 2606 laicorum
882 2546 921 2605 ad
943 2564 997 2606 au-

238 2644 393 2704 diendam
424 2643 558 2703 missam
589 2661 662 2703 cum
692 2644 765 2703 aliis
793 2644 925 2704 intravit
946 2661 1033 2704 ec-20

237 2742 393 2817 clesiam3
422 2751 455 2801 et
476 2742 663 2818 neglexerat
690 2742 750 2801 sub
773 2750 857 2801 tecto
880 2742 997 2801 domus

237 2841 410 2901 lucernam
422 2840 629 2917 extinguere:
640 2856 724 2916 quae
736 2841 905 2899 combusto
921 2840 997 2915 liga·

238 2938 329 2999 mine
359 2939 478 3000 cecidit
506 2957 606 3016 super
628 2949 757 3014 segetes
786 2938 829 2998 ibi
852 2939 997 2998 iacentes

238 3046 270 3096 et
302 3037 462 3099 accendit.
499 3038 564 3098 Sed
594 3038 668 3113 pius
696 3037 858 3096 Dominus
889 3036 998 3096 omnia

237 3134 358 3194 videns
387 3144 419 3195 et
441 3134 574 3211 inopum
598 3152 713 3211 preces
742 3133 1033 3194 misericorditerzs

238 3232 429 3293 attendens:
461 3233 538 3293 huic
569 3233 715 3309 periculo
744 3249 802 3308 per
832 3232 930 3292 alium
963 3241 997 3291 ut

238 3329 443 3405 praedictum
459 3341 509 3391 est
524 3332 719 3407 tempestive
734 3330 910 3390 subvenire
922 3346 997 3389 con·

239 3428 353 3488 cessit.
389 3427 538 3489 Audiens
560 3439 667 3489 autem
692 3429 830 3487 devotus
852 3437 884 3487 et
906 3443 996 3502 prae-

238 3526 381 3587 dilectus
403 3536 637 3603 paternoster,
660 3527 759 3586 frater
772 3526 798 3586 T
801 3525 996 3586 heodoricus

239 3623 1032 3701 Clivis‚tertiusdomusnostraepriorvenera-so

239 3724 316 3783 bilis
331 3723 514 3800 periculum
530 3723 673 3784 incendii
695 3722 864 3796 accidisse,
886 3731 918 3781 et
935 3720 995 3780 Dei

599 3828 640 3870 279
