2692 4659
315 647 477 700 cmm
495 645 563 689 vnn
579 645 743 688 troevrcrs
758 644 897 687 vmornrs
913 646 1073 699 meo

317 780 450 855 derunt3
487 789 518 839 et
554 779 695 856 regressi
731 797 789 856 pro
818 779 929 839 verbis
949 780 1072 840 veniae

318 894 413 953 quam
450 878 615 952 postulare
651 878 847 937 debuerant:
891 877 924 937 in
962 889 1071 938 contu-

318 974 454 1035 meliosa
464 976 564 1035 verba
579 975 721 1052 linguam
745 975 938 1035 maledicam
956 975 1070 1036 iterum

318 1073 513 1133 relaxarunt.
547 1073 666 1149 Sicque
683 1074 880 1149 completum
898 1082 948 1133 est
966 1072 999 1133 in
1016 1075 1071 1132 hac

294 1170 459 1248 svirgine:
489 1171 575 1248 quod
599 1171 762 1231 Dominus
784 1170 956 1247 discipulis
986 1171 1071 1231 dixit.

317 1267 350 1327 Si
363 1285 415 1327 me
430 1267 594 1343 persecuti
611 1277 688 1328 sunt
703 1277 735 1327 et
745 1286 805 1328 vos
817 1278 1071 1345 persequentur:

315 1375 347 1425 et
375 1366 402 1425 si
435 1375 558 1441 patrem
591 1366 731 1426 familias
764 1367 952 1426 Beelzebub
981 1385 1070 1427 voca-

314 1472 452 1538 verunt;
474 1472 595 1539 quanto
626 1463 729 1540 magis
752 1463 952 1524 domesticos
976 1465 1071 1524 eius?

314 1560 405 1621 Tunc
428 1561 519 1637 virgo
551 1570 715 1637 tamquam
747 1561 818 1621 ovis
851 1561 1013 1623 innocens
1039 1562 1069 1621 in

282 1679 307 1727 ro
317 1660 436 1719 lectulo
459 1659 580 1734 iacens,
602 1659 761 1735 sanguine
783 1659 914 1735 proprio
930 1662 1069 1736 perlusa,

315 1757 354 1816 ad
363 1756 562 1817 occisionem
574 1766 693 1832 parata,
705 1756 983 1832 patienteromnia
994 1760 1069 1817 haec

315 1871 373 1930 pro
399 1854 534 1915 Christo
558 1854 721 1929 suscepit:
750 1863 782 1913 et
811 1853 1067 1915 conviciantibus

315 1970 351 2011 ac
367 1951 615 2011 vulnerantibus
636 1968 684 2027 se,
706 1951 758 2011 bis
773 1951 883 2011 verbis
901 1962 1068 2012 mansuete

315 2048 491 2125 respondit.
529 2049 599 2109 Cur
620 2066 686 2108 non
715 2048 838 2109 timetis
867 2049 911 2109 ita
940 2049 1067 2109 sinistre

281 2170 305 2211 rs
315 2146 493 2206 divinitatis
515 2146 548 2206 in
571 2164 623 2206 me
646 2164 745 2223 opera
771 2146 996 2223 interpretari;
1017 2145 1066 2224 qui

315 2244 471 2321 ignoratis
493 2244 589 2321 quale
611 2243 767 2304 iudicium
783 2244 877 2304 vobis
898 2262 916 2303 a
939 2246 1010 2304 Deo
1032 2243 1069 2303 sit

316 2343 487 2402 futurum?
524 2342 643 2401 Eadem
673 2343 753 2401 hora
775 2342 950 2402 recedente
973 2343 1067 2402 duce:

315 2449 498 2516 sequuntur
534 2450 566 2500 et
603 2441 774 2500 invasores
815 2440 871 2499 illi.
916 2441 1068 2500 Rectores

314 2549 422 2598 autem
455 2538 596 2599 civitatis
627 2538 797 2598 audientes
829 2548 892 2597 tam
926 2538 1068 2598 enormia

277 2637 399 2698 zomala
428 2636 546 2712 virgini
583 2635 765 2695 insolenter
800 2635 942 2711 ingesta3
979 2633 1066 2713 quasi

314 2752 372 2810 pro
383 2733 606 2794 consolatione
621 2733 781 2793 malorum
799 2734 969 2808 factorum,
985 2750 1067 2794 com·

314 2832 520 2892 minabantur
540 2848 576 2890 se
592 2831 677 2890 velle
700 2831 773 2890 duci
797 2830 972 2907 conqueri:
996 2849 1067 2907 qua·

314 2940 409 2989 tenus
420 2939 532 2989 contra
543 2928 621 2988 tanti
638 2928 775 2988 sceleris
790 2938 940 2988 auctores
952 2929 1066 2988 iustam

314 3037 481 3090 exerceret
512 3026 699 3086 vindictam.
736 3025 826 3086 Tunc
857 3026 950 3102 virgo
982 3026 1068 3085 mitis

276 3137 345 3189 25et
367 3126 494 3203 patiens
517 3125 549 3183 in
572 3124 734 3199 adversis,
757 3141 882 3184 memor
905 3124 1067 3184 Dominici

314 3223 493 3297 sermonis,
523 3221 601 3281 mibi
625 3221 800 3282 vindictam
831 3233 862 3281 et
891 3238 951 3297 ego
979 3221 1067 3281 retri-

313 3323 420 3396 buam3
435 3320 568 3380 omnino
580 3320 745 3395 prohibuit
757 3330 877 3395 petere,
894 3320 1067 3379 humanam

313 3436 468 3479 exercere
490 3417 664 3477 ultionem:
688 3416 764 3494 quia
786 3418 877 3476 Deus
900 3415 964 3476 cito
986 3418 1067 3476 hanc

312 3515 489 3575 vindicabit
520 3514 682 3574 iniuriam.
720 3513 816 3591 Quod
846 3513 957 3574 divino
988 3523 1066 3573 nutu

275 3613 464 3675 mceleriter
480 3613 598 3672 lactum
615 3622 681 3672 est:
697 3629 770 3671 nam
788 3628 903 3671 omnes
919 3610 952 3670 in
964 3611 1066 3671 diver·

295 3710 359 3770 sis
381 3710 462 3770 locis
492 3710 604 3770 eadem
634 3709 743 3769 bieme
771 3707 889 3768 mortui
912 3718 998 3768 sunt.
1034 3706 1065 3768 Si

668 3814 710 3855 392
