2692 4659
465 681 627 732 Θῖῧὶῖὲῖῧῖ
656 678 819 721 SERMONES
833 679 873 720 AD
890 679 1038 722 Novtclos
1064 681 1165 731 mg

467 814 553 888 quod
568 812 681 872 asinus
697 812 805 871 facere
821 822 942 888 posset,
964 812 991 871 si
1015 823 1103 873 esset
1118 814 1161 873 tal

466 910 615 970 vestitus.
641 909 782 969 Attende
799 908 1020 970 conscientiae
1033 921 1107 971 tuae
1124 912 1165 971 fot

466 1018 564 1068 tatem
587 1008 700 1084 magis,
723 1026 819 1083 quam
835 1008 1095 1068 aestimationem
1111 1011 1165 1069 hur

466 1124 559 1181 nam3
574 1105 650 1181 quia
665 1122 730 1165 non
747 1115 823 1165 sunt
839 1106 948 1165 omnia
963 1106 1006 1165 ita
1021 1124 1100 1166 sana
1115 1124 1165 1166 cor

443 1204 538 1263 :Deo
560 1214 592 1262 et
614 1202 715 1261 clara:
745 1202 830 1263 sicut
858 1213 1013 1278 apparent
1036 1204 1165 1263 homini

467 1317 541 1360 esse
557 1301 701 1376 pulchra.
732 1300 841 1360 Homo
857 1300 945 1361 videt
967 1301 1109 1377 infame,
1133 1303 1161 1361 D

466 1407 573 1458 autem
596 1398 629 1457 in
652 1398 767 1472 corde:
796 1398 851 1474 qui
877 1399 974 1458 etiam
1004 1400 1165 1460 minutissi

466 1497 666 1557 considerat:
696 1513 779 1572 quae
806 1506 839 1556 tu
862 1514 928 1557 non
951 1498 1141 1574 cognoscis,

466 1594 630 1653 modicum
654 1594 826 1670 ponderas.
858 1595 982 1655 Idcirco
1006 1595 1153 1672 deprime

433 1704 558 1752 totuum
581 1692 643 1751 sub
665 1692 812 1752 districto
830 1692 890 1751 Dei
914 1692 1080 1769 examine3
1102 1703 1134 1754 et
1156 1712 1165 1753 r

468 1791 508 1849 de
523 1789 679 1866 dignitate
694 1790 863 1866 religionis
878 1808 961 1851 vane
973 1792 1097 1852 extolli:
1116 1810 1165 1852 net

468 1887 507 1946 de
530 1887 705 1946 virtutibus
729 1887 867 1947 aliorum
890 1897 921 1947 et
944 1888 1110 1949 miraculis
1132 1908 1165 1950 sa

467 1995 573 2044 torum
590 1984 747 2045 iactanter
761 1985 860 2061 loqui.
890 1986 933 2046 Se
955 1987 1061 2063 ipsum
1078 1988 1165 2065 denir

467 2093 499 2142 et
521 2082 701 2158 confundit,
723 2083 777 2159 qui
801 2093 927 2159 patrum
948 2102 1082 2145 suorum
1105 2103 1163 2145 san

433 2190 563 2239 :statem
596 2182 818 2240 commendat:
854 2190 885 2241 et
919 2182 1075 2242 humilem
1107 2199 1165 2242 eor

467 2278 750 2338 conversationem
769 2279 863 2355 sequi
878 2280 1036 2356 neglegit3
1058 2280 1113 2355 qui
1129 2298 1165 2340 re

467 2376 544 2435 laris
575 2385 606 2436 et
638 2376 812 2452 religiosus
843 2386 992 2437 vocatur:
1028 2388 1060 2437 et
1090 2378 1165 2438 vive

467 2491 614 2533 normam
647 2492 743 2550 quam
776 2474 880 2534 sancti
912 2475 1052 2551 posteris
1084 2476 1165 2553 reliq

468 2582 552 2646 runt,
568 2571 736 2631 ferventer
746 2589 811 2631 non
827 2581 987 2648 sectatur3
1002 2573 1056 2649 qui
1073 2574 1113 2633 de
1128 2574 1165 2633 bo

430 2670 655 2730 zomonasterii
687 2669 805 2729 cotidie
830 2669 927 2729 vivit:
956 2679 987 2730 et
1016 2680 1165 2731 statuta:

467 2768 591 2827 nastica
612 2767 720 2842 tepide
743 2776 862 2841 servat,
884 2776 938 2827 aut
960 2767 1077 2827 leviter
1096 2769 1165 2828 fran

469 2864 618 2925 Attamen
654 2875 788 2940 propter
822 2874 954 2923 sanctos
989 2876 1097 2940 patres
1132 2884 1165 2942 pr

467 2964 622 3023 cedentes
643 2963 699 3039 qui
722 2961 890 3038 religionis
905 2962 1052 3022 ordinem
1076 2962 1165 3023 instit

467 3071 542 3119 runt
570 3069 601 3120 et
631 3060 760 3137 regulas
790 3060 922 3119 vivendi
952 3078 1165 3136 composuerit

430 3157 598 3217 zsdesides
622 3168 655 3217 et
676 3166 831 3234 vagantes
861 3175 879 3217 a
901 3158 1124 3217 saecularibus
1152 3176 1165 3234 1

467 3255 558 3315 sonis
573 3265 605 3315 et
620 3255 779 3332 magnatis
790 3272 873 3331 quos
885 3255 946 3314 Dei
961 3273 1076 3315 servos
1087 3256 1163 3315 cred

467 3352 563 3412 etiam
586 3354 798 3414 honorantur.
837 3355 913 3414 ldeo
936 3354 1165 3430 unusquisque

467 3450 573 3526 ipsum
597 3461 686 3511 recte
708 3451 869 3528 inspiciat,
890 3462 923 3512 et
944 3452 1016 3511 aliis
1031 3454 1153 3513 bonum

467 3548 610 3623 emplum
642 3549 779 3626 tribuat3
814 3567 856 3610 ne
892 3560 1004 3609 sancto
1036 3552 1141 3612 ordini

430 3645 583 3708 aoiuriam
607 3647 719 3708 faciat:
741 3658 773 3708 et
793 3648 1020 3708 confusionem
1043 3649 1106 3709 sibi
1130 3668 1165 3709 m

467 3744 613 3803 moribus
622 3757 766 3822 generet.
788 3746 857 3806 Vae
872 3745 918 3804 illi
930 3745 1035 3821 inquit
1046 3746 1165 3807 Domin

827 3850 865 3891 tos
