2692 4659
366 700 527 753 mm
545 698 613 741 VITA
629 698 793 742 LlDEWlGlS
808 697 947 741 VlRGlNlS
963 698 1122 753 mm

367 834 546 911 tetigisset,
582 832 652 909 ipsa
682 850 748 892 non
780 833 950 895 sensisset.
1002 833 1124 895 Similia

367 933 525 1008 quaedam
549 932 701 1008 leguntur
722 932 755 991 in
777 932 842 992 vita
862 932 965 992 sancti
982 932 1123 992 Thomae
1160 917 1162 922 ’

368 1031 407 1090 de
423 1029 572 1106 Aquin03
592 1028 665 1088 ideo
682 1045 779 1088 nemo
795 1029 919 1089 dubitet
934 1029 975 1088 de
991 1031 1123 1090 veritate

367 1128 521 1188 novitatis
543 1126 642 1187 huius
664 1126 818 1203 virginis:
840 1143 936 1202 quam
954 1128 1048 1188 Deus
1066 1129 1124 1187 lae·

345 1225 501 1285 stificavit
522 1223 744 1285 ineffabilibus
767 1225 912 1301 raptibus
935 1225 1016 1285 suis.

409 1323 559 1400 Contigit
577 1340 653 1399 ergo
676 1322 709 1382 in
733 1333 825 1398 raptu
847 1323 1000 1399 quodam,
1023 1333 1058 1384 ut
1074 1341 1125 1383 au·

367 1421 461 1498 gelus
483 1422 689 1497 apprehensa
705 1438 801 1480 manu
818 1421 890 1480 eius
905 1421 1042 1482 duceret
1058 1439 1124 1482 eam
1160 1473 1162 1480 .

369 1536 474 1596 usque
497 1520 535 1580 ad
558 1521 659 1579 altare
681 1519 772 1579 chori
796 1520 909 1579 beatae
924 1520 1064 1596 virginis
1079 1537 1126 1580 ec-

369 1618 488 1677 clesiae
512 1617 788 1678 Schiedamensis.
830 1617 985 1693 Cumque
1008 1618 1123 1678 ibidem

335 1715 1123 1792 10orasset‚beatamvirginemdevotesalutando:

369 1814 506 1873 ducebat
521 1831 591 1873 eam
609 1814 745 1890 angelus
760 1830 877 1874 versus
893 1814 1055 1875 orientem
1071 1831 1124 1891 per

287 1961 290 1966 ,
368 1927 505 1969 amoena
527 1911 597 1969 loca
620 1927 767 1969 rosarum
791 1920 823 1970 et
842 1910 1003 1972 liliorum:
1026 1912 1124 1972 omni-

369 2024 432 2083 que
449 2024 570 2083 genere
586 2007 703 2067 florum
719 2008 854 2083 consita,
876 2026 913 2069 ac
929 2011 1124 2070 aromatibus

369 2123 529 2181 respersa.
562 2106 838 2183 Appropinqu'ans
860 2124 938 2184 ergo
961 2107 1014 2167 his
1037 2108 1122 2180 locis,

247 2260 252 2267 .
335 2226 359 2265 ιε
369 2204 565 2264 invitabatur
579 2205 617 2263 ab
633 2205 748 2281 angelo
765 2215 799 2264 ut
812 2205 1053 2281 ingrederetur:
1069 2206 1121 2265 sed

369 2303 423 2361 illa
438 2311 571 2377 propter
586 2302 803 2362 reverentiam
820 2320 934 2363 eorum
950 2321 1016 2364 non
1033 2306 1122 2365 aude·

369 2401 421 2459 bat
443 2400 575 2473 intrare,
596 2417 638 2459 ne
661 2400 800 2475 pedibus
822 2400 892 2459 suis
911 2400 1026 2461 florida
1041 2412 1120 2477 prata

369 2499 593 2572 conculcaret3
628 2498 759 2557 tandem
795 2499 910 2575 angelo
947 2499 1120 2558 affirmante

369 2595 455 2671 quod
479 2612 544 2654 non
567 2605 680 2655 essent
702 2596 740 2653 ab
764 2612 802 2654 ea
820 2597 1057 2656 conculcanda:
1078 2611 1118 2653 se·

333 2694 511 2752 aocundum
540 2692 662 2752 monita
685 2692 757 2754 eius
780 2704 811 2752 et
833 2692 1057 2753 invitationem
1079 2691 1115 2749 iu·

368 2789 541 2864 grediens,
576 2791 776 2866 sequebatur
811 2808 885 2850 eum
920 2801 1114 2866 quocumque

369 2887 593 2961 praecedebat.
633 2889 799 2948 Interdum
822 2898 930 2948 autem
956 2887 1052 2947 liores
1074 2880 1114 2943 isti

369 2993 476 3043 tantae
512 2984 718 3044 celsitudinis
754 2995 785 3045 et
819 2986 992 3046 densitatis
1023 2990 1113 3045 eraut:

369 3082 456 3157 quod
485 3082 556 3157 ipsa
585 3084 779 3143 causabatur
804 3100 840 3142 se
863 3100 929 3143 non
951 3100 1047 3160 posse
1067 3091 1111 3139 eos
1148 3113 1162 3158 Υ,

333 3180 585 3255 aspertransire3
613 3198 649 3239 ac
679 3191 755 3240 tunc
785 3181 921 3256 angelus
951 3198 1021 3241 eam
1043 3179 1110 3238 sicut
1160 3210 1162 3244 z

369 3278 531 3353 quondam
557 3278 710 3337 Habacuc
735 3279 926 3354 prophetam
950 3272 1110 3338 transtulit:

369 3374 413 3433 ita
442 3385 473 3434 et
502 3392 573 3435 eam
603 3376 855 3451 apprehendens
881 3393 956 3436 mox
979 3393 1034 3452 per
1052 3382 1108 3431 eos·
1160 3411 1162 3428 .

370 3471 442 3531 dem
468 3470 565 3531 llores
588 3471 620 3531 in
644 3472 751 3531 locum
775 3473 813 3532 ad
836 3489 933 3548 quem
953 3467 1107 3549 pergebant

370 3569 572 3628 confidenter
593 3571 832 3645 transponebat.

721 3701 775 3756 33
