2692 4659
370 670 532 725 wem
560 668 722 712 saumones
736 669 777 710 no
793 667 943 711 novicios
967 670 1134 722 mentesa

425 840 469 899 IN
493 836 799 900 DEDICATIONE
822 837 1082 900 ECCLESIAE.

444 1008 500 1067 DE
524 1007 727 1085 QVINQVE
751 1006 1061 1069 LVMINARIBVS

662 1102 835 1163 TEMPLI.

622 1253 741 1303 SERMO
758 1252 875 1301 xxvrrl.

346 1334 581 1553 sffifflnus
592 1406 662 1450 mea
672 1390 786 1449 domus
796 1390 953 1449 orationis
962 1392 1131 1451 vocabitur

501 1488 752 1549 dicitDominus.
773 1487 1127 1550 Dilectifratreshodie

369 1595 419 1646 est
434 1586 605 1647 sollemnis
622 1585 781 1646 festivitas
792 1584 1008 1645 dedicationis
1024 1588 1127 1648 eccle-

369 1683 437 1743 siae
453 1694 601 1759 nostrae3
616 1700 700 1760 quae
715 1682 754 1741 ab
766 1682 918 1742 omnibus
929 1683 962 1743 in
974 1685 1038 1744 hoc
1054 1687 1125 1745 loco

369 1782 589 1842 habitantibus
601 1782 697 1841 debet
708 1780 824 1840 devote
840 1789 872 1840 et
882 1780 1026 1842 iucunde
1042 1784 1124 1843 cele-

333 1903 358 1943 ro
367 1880 469 1940 brari:
486 1890 517 1940 et
527 1889 656 1939 mentes
671 1877 916 1954 celebrantium,
932 1880 971 1939 ad
982 1897 1125 1956 superna

367 1979 557 2056 angelorum
580 1976 697 2054 gaudia
711 1974 858 2035 incitare.
889 1973 940 2035 Ad
956 1977 1020 2036 hoc
1036 1977 1122 2037 enim

367 2076 475 2136 omnis
497 2074 640 2136 ecclesia
662 2073 863 2134 construitur
884 2082 916 2133 et
938 2074 1122 2135 dedicatur:

366 2183 400 2234 ut
416 2173 449 2233 in
465 2191 504 2234 ea
519 2172 648 2233 divinae
670 2171 776 2231 laudis
792 2171 950 2247 obsequia
971 2184 1121 2249 agantur:

366 2281 397 2332 et
413 2272 577 2332 orationes
599 2269 744 2330 fidelium
759 2268 792 2328 in
810 2269 880 2328 loco
896 2280 1010 2329 sancto
1026 2271 1122 2330 citius

332 2394 356 2433 rs
366 2379 397 2429 et
405 2369 535 2444 plenius
544 2386 562 2427 a
572 2370 641 2429 Deo
654 2366 798 2427 exaudiri
811 2377 1007 2428 mereantur.
1019 2368 1121 2429 Valde

365 2479 474 2528 autem
486 2468 627 2528 ecclesia
638 2467 700 2526 Dei
713 2477 846 2527 ornatur
856 2477 888 2527 et
902 2465 1123 2545 illuminatur3

365 2566 392 2625 si
408 2567 489 2625 haec
504 2565 649 2641 quinque
669 2565 802 2625 servitia
821 2564 854 2623 in
875 2581 913 2623 ea
932 2577 1123 2627 servantur:

365 2672 397 2722 et
419 2673 582 2739 tamquam
607 2663 688 2722 caeli
712 2662 884 2722 luminaria
899 2672 934 2723 ut
949 2663 982 2722 in
999 2666 1121 2741 templo

366 2762 426 2822 Dei
449 2761 578 2820 luceant
600 2760 738 2821 sollicite
761 2760 994 2821 custodiantur.

328 2880 355 2920 ao
406 2859 516 2919 Primo
547 2858 633 2918 inter
662 2869 771 2919 cetera
798 2858 899 2919 divini
929 2858 1038 2918 cultus
1068 2861 1123 2920 ob·

364 2957 479 3033 sequia
500 2957 628 3032 emicat,
657 2968 689 3017 et
711 2957 842 3017 domum
866 2956 1023 3017 orationis
1050 2958 1122 3018 illu-

364 3063 459 3114 strat:
491 3064 587 3130 atque
619 3054 841 3131 ingredientes
873 3055 1049 3115 ecclesiam
1082 3057 1120 3116 ad

364 3152 523 3212 orandum
540 3151 667 3227 excitat,
683 3161 714 3211 et
725 3152 758 3211 in
769 3152 880 3212 divino
896 3170 1008 3212 amore
1023 3153 1122 3212 corda

365 3249 508 3309 lidelium
524 3249 672 3309 accendit
680 3268 689 3325 ;
711 3268 785 3310 cum
808 3251 995 3310 sacerdotes
1018 3251 1121 3310 sacris

327 3347 510 3411 asvestibus
533 3347 653 3423 induti,
675 3350 714 3409 ad
736 3350 835 3409 altare
857 3360 1049 3410 reverenter
1071 3368 1121 3411 ac-

364 3444 498 3520 cedunt,
522 3444 640 3504 missas
662 3446 779 3507 devote
802 3449 983 3509 celebrant:
1007 3458 1039 3509 et
1061 3467 1119 3525 pro

363 3559 399 3602 se
422 3552 454 3603 et
482 3546 647 3605 communi
677 3545 797 3621 populo
826 3547 1023 3607 sacrificium
1047 3549 1119 3610 Deo

364 3658 492 3700 summe
521 3642 675 3718 placitum
698 3644 857 3720 offerunt,
888 3655 919 3705 et
943 3645 997 3721 pie
1019 3646 1119 3708 inter-

365 3739 493 3799 cedunt.

719 3847 760 3888 282
