2692 4659
270 686 599 742 mmmm
635 688 683 730 118
714 691 1034 744 ΥΘΜΜΝ

273 822 384 881 ferum
397 830 520 880 sertum
530 822 569 880 ad
580 821 688 882 locum
700 842 796 885 suum
806 826 938 900 rettulit,
948 826 1034 886 unde

272 919 359 979 illud
381 918 473 994 virgo
497 919 587 994 prius
610 921 786 983 detulerat:
816 923 900 983 sicut
922 934 1034 1000 postea

273 1016 444 1093 praefatae
460 1017 577 1079 viduae
602 1021 800 1082 Catharinae
823 1023 992 1083 referebat.

273 1214 334 1274 DE
352 1211 541 1275 CORONA
558 1215 784 1277 GLORIOSA
800 1219 883 1279 SIBI
906 1218 1032 1278 PRAE-

273 1310 471 1388 PARATA,
501 1313 701 1375 PROPTER
724 1314 957 1376 VITVPERIA
982 1315 1056 1374 ETs

356 1410 564 1471 VVLNERA
588 1409 614 1469 Α
639 1410 846 1472 PICARDIS
870 1412 953 1473 SIBI

548 1506 763 1568 INFLICTA.

506 1655 712 1706 CAPITVLVM
731 1656 801 1706 VIII.

355 1764 448 1913 {Lia
459 1810 589 1869 quoque
600 1793 673 1853 vice
685 1804 773 1869 rapta
785 1794 816 1853 in
829 1795 943 1871 spiritu
952 1796 1032 1855 vidit

338 1857 586 1967 'Igloriosam
598 1891 692 1951 valde
704 1908 856 1951 coronam
869 1893 930 1952 sibi
942 1911 1032 1969 prae·
1020 1907 1067 1947 -10

272 2001 438 2068 paratam3
461 2006 557 2066 quam
580 1998 654 2065 post
677 1990 860 2065 praesentis
881 1990 966 2051 vitae
989 1992 1031 2050 la-

271 2090 374 2149 bores
398 2098 429 2148 et
451 2088 581 2147 dolores
603 2105 621 2146 a
645 2088 786 2147 Domino
809 2098 880 2148 erat
899 2106 1031 2166 percep·

272 2199 363 2249 tura:
375 2186 408 2246 in
420 2203 484 2262 qua
498 2195 606 2246 tamen
619 2185 712 2260 plura
722 2186 827 2245 adhuc
839 2186 1032 2246 videbantur

272 2284 477 2361 imperfecta.
510 2281 560 2343 Ad
583 2300 619 2342 se
642 2283 745 2359 ipsam
770 2284 867 2359 Igitur
888 2302 1031 2361 reversa,

272 2400 403 2445 memor
418 2399 557 2443 coronae
572 2391 805 2457 praeostensae
820 2386 950 2460 rogabat
966 2385 1030 2444 Do·
1042 2399 1066 2440 15

272 2483 400 2542 minum
418 2483 518 2542 multa
533 2481 875 2558 instantia;quatenus
890 2499 949 2542 sua
964 2482 1030 2558 pie·

271 2590 339 2641 tate
370 2580 414 2640 ita
445 2598 558 2640 secum
591 2597 688 2655 agere
711 2579 913 2656 dignaretur:
943 2581 1028 2657 quod

272 2695 396 2738 corona
431 2678 486 2737 iila
520 2678 665 2754 perfecte
702 2687 812 2754 posset
848 2678 1030 2738 Instaurati.

274 2777 398 2836 Eodem
414 2793 545 2853 quoque
560 2786 707 2852 tempore
722 2775 835 2851 petivit
850 2774 1030 2850 aDomino‚

273 2884 308 2935 ut
330 2874 371 2934 ad
394 2873 585 2934 imitandum
601 2873 739 2949 vestigia
761 2872 843 2947 eius,
865 2872 967 2948 Ipsam
990 2873 1065 2932 ada

273 2990 309 3032 se
332 2970 579 3032 intromitteret:
602 2980 633 3030 et
656 2979 728 3046 post
750 2968 1028 3028 intromissionem

272 3069 419 3130 calcibus
442 3085 512 3128 eam
535 3067 723 3143 expelleret.
756 3067 841 3126 Dum
864 3068 944 3126 haec
968 3066 1029 3126 ire-

274 3177 414 3245 quenter
436 3175 467 3225 et
489 3163 718 3224 ardentissime
741 3165 932 3239 postularet3
954 3182 1029 3224 con-

273 3275 344 3351 tigit
386 3290 471 3333 anno
515 3271 646 3331 Domini
686 3243 901 3332 mecei-xxi-
942 3273 1028 3348 quod

275 3372 447 3448 Philippus
479 3371 543 3430 dux
575 3370 784 3447 Burgundiae
816 3388 889 3431 cum
926 3372 1064 3430 multozs

274 3469 420 3530 exercitu
453 3469 664 3528 Picardorum
697 3478 729 3528 et
760 3467 896 3527 aliorum
932 3467 1027 3527 armi-

274 3583 425 3644 gerorum
442 3565 649 3626 Hollandiam
665 3565 816 3626 intraret:
832 3566 870 3625 ad
887 3566 1027 3640 compel-

275 3665 406 3726 lendum
439 3664 604 3739 civitates,
635 3674 669 3724 ut
698 3680 773 3723 eum
803 3663 835 3722 in
858 3662 1025 3722 dominum

276 3774 305 3824 et
334 3772 497 3823 rectorem
529 3762 650 3838 patriae
681 3761 896 3838 susciperent.
939 3761 1025 3822 Cum

630 3869 671 3910 aaa
