2692 4659
260 704 591 757 mmmm
620 703 679 745 1121
707 703 1029 755 &weram

264 838 432 898 indicabat
461 836 491 895 ei
522 837 648 896 seriose
677 837 756 896 satis
786 847 817 896 et
841 836 1030 911 affectuose,

266 945 433 1013 quatenus
444 927 1028 1012 aspiceretetsusciperet'eumquem

267 1034 301 1092 in
332 1050 431 1092 manu
454 1033 601 1107 tenebat;
631 1032 741 1092 sciens
763 1050 821 1109 pro
844 1042 933 1092 certo
955 1034 1031 1109 quia

267 1132 324 1191 ille
358 1130 442 1189 foret
472 1130 634 1189 Dominus
663 1130 756 1189 Deus
785 1141 911 1190 creator
939 1148 1030 1206 suus,

268 1229 324 1305 qui
349 1246 408 1304 pro
431 1227 502 1302 ipsa
525 1228 629 1287 fuerat
652 1228 839 1287 incarnatus
861 1245 978 1303 passus
993 1246 1053 1288 acs

269 1338 437 1387 mortuus:
460 1325 515 1401 qui
538 1325 635 1384 etiam
658 1343 789 1385 omnem
813 1343 908 1402 quam
932 1328 1031 1401 patie-

269 1425 365 1484 batur
375 1422 618 1482 tribulationem
631 1423 860 1499 copiosissime
872 1426 933 1485 sibi
943 1436 1031 1495 esset

270 1532 553 1596 remuneraturus,
575 1539 611 1581 ac
635 1540 767 1583 omnem
786 1524 931 1583 dolorem
947 1524 1031 1583 miti·

271 1630 417 1697 gaturus
449 1620 580 1696 Quibus
602 1621 713 1680 verbis
735 1622 815 1681 adeo
838 1621 945 1681 statim
962 1622 1032 1697 ipsa

271 1727 467 1793 compuncta
485 1717 561 1777 luit:
583 1728 615 1777 et
630 1719 723 1794 quasi
740 1718 934 1795 quibusdam
950 1719 1029 1795 igni·
1042 1731 1067 1772 10

272 1814 351 1874 ieris
369 1814 536 1874 amatoriis
552 1814 667 1875 iaculis
682 1817 861 1876 vulnerata.
894 1817 930 1876 Et
946 1817 1030 1876 sicut

272 1912 363 1987 prius
392 1929 469 1987 prae
498 1913 610 1972 dolore
639 1914 748 1973 cordis
777 1923 808 1973 et
831 1914 1031 1991 impatientia

271 2027 392 2070 sensus
423 2026 488 2068 non
520 2020 645 2085 poterat
676 2028 807 2071 cessare
839 2029 857 2070 a
887 2011 1030 2071 lacrimis

272 2109 401 2169 multis:
430 2108 474 2168 ita
497 2119 530 2168 et
550 2126 638 2168 nunc
660 2126 719 2185 per
740 2110 937 2186 quindenam
962 2110 1030 2168 lere

272 2207 323 2266 vel
353 2205 494 2281 amplius
523 2224 588 2265 non
615 2208 743 2267 valebat
763 2225 799 2267 se
823 2208 990 2267 continere
1013 2222 1067 2266 ars

273 2305 405 2364 fletibus
427 2321 504 2379 prae
527 2305 749 2380 magnitudine
772 2305 977 2365 contritionis
999 2314 1031 2364 et

273 2402 374 2462 divini
386 2402 517 2461 amoris.
544 2402 681 2462 Dolebat
692 2420 833 2479 namque
844 2413 876 2463 et
886 2405 1031 2479 plorabat

273 2519 330 2577 pro
359 2500 515 2559 caecitate
537 2500 730 2575 praeteritae
753 2501 977 2577 neglegentiae
1000 2512 1031 2561 et

272 2597 457 2659 obtusitatis
475 2615 554 2657 suae
571 2599 759 2659 diuturnae:
782 2600 815 2659 in
831 2618 894 2676 qua
908 2600 1030 2659 tamdiu

273 2695 447 2772 impatiens
466 2704 497 2754 et
513 2694 754 2756 inconsiderata
770 2696 845 2772 luit;
868 2698 954 2773 quod
970 2714 1030 2755 nec
1041 2711 1068 2751 20

273 2794 386 2855 matris
409 2810 469 2852 nec
493 2793 731 2869 cuiuscumque
754 2795 897 2854 hominis
916 2811 1031 2853 conso-

273 2893 427 2952 lationem
453 2891 623 2950 admittere
646 2901 787 2966 poterat:
816 2909 877 2950 nec
900 2909 1030 2950 causam

273 2990 480 3049 lacrimarum
503 2989 599 3048 alicui
623 2989 776 3049 indicare.
819 2989 943 3048 Exhinc
968 2989 1030 3048 iam

273 3096 406 3163 recepto
436 3085 568 3145 salutari
592 3097 797 3146 sacramento
820 3104 894 3146 cum
918 3103 1033 3163 magna

274 3183 481 3257 contritione,
505 3184 613 3259 coepit
636 3185 864 3261 frequentibus
887 3185 1069 3244 consola-25

273 3283 418 3343 tionibus
447 3281 568 3341 divinis
597 3282 756 3343 refoveri:
786 3284 862 3343 licet
888 3283 1032 3342 nondum

273 3399 330 3457 per
367 3390 494 3455 raptum
531 3380 816 3456 contemplationis
850 3381 1033 3440 excederet.

274 3481 343 3540 Nec
355 3488 464 3538 tamen
477 3478 752 3554 interrogantibus
762 3480 891 3539 volebat
902 3495 1032 3537 causam

273 3577 481 3637 lacrimarum
497 3594 630 3636 suarum
646 3577 844 3652 patefacere3
860 3595 901 3637 ne
916 3593 1033 3636 manna

273 3674 500 3734 absconditum
533 3673 619 3749 quod
649 3683 835 3750 gustaverat
865 3675 1069 3750 perderettso

273 3773 331 3832 sed
355 3772 523 3832 reticendo
545 3771 696 3830 securius
713 3771 746 3831 in
763 3772 860 3831 corde
876 3782 1031 3833 servaret.

631 3877 672 3916 425
