2692 4659
383 689 544 744 &maga
564 688 630 730 vna
648 687 811 730 sinanicis
826 688 965 732 vmcrms
983 690 1130 744 amatam

385 824 537 883 timerent
552 840 570 880 a
586 822 668 882 duee
685 821 811 898 capitali
831 823 996 884 sententia
1018 823 1130 900 puniri:

385 921 544 980 dixerunt.
581 921 665 979 Ecce
694 922 756 980 hoc
785 930 835 980 est
857 920 1034 982 iudicium:
1056 921 1129 999 quod

386 1020 486 1096 Lydia
502 1018 596 1078 nobis
611 1017 770 1094 praedixit
786 1018 942 1079 futurum.
967 1020 1046 1079 Post
1061 1021 1129 1079 haec

385 1118 520 1194 angelus
543 1115 674 1175 Domini
705 1125 837 1175 sanctus
866 1134 1030 1192 apparens
1058 1117 1084 1177 ei
1105 1125 1130 1175 et

362 1231 531 1274 ssororem
563 1213 737 1273 nominans
769 1214 941 1289 indicavit,
963 1217 1053 1292 quod
1082 1232 1129 1291 per

385 1312 620 1371 irreverentem
643 1311 731 1372 illam
748 1312 935 1373 violentiam
959 1332 978 1373 a
996 1313 1128 1374 Picardis

384 1410 446 1470 sibi
484 1411 616 1471 factam:
652 1412 757 1487 posita
794 1412 898 1471 iuerat
930 1411 963 1470 in
993 1409 1127 1487 vestigiis

385 1506 563 1567 Salvatoris
579 1507 663 1568 sicut
685 1518 780 1568 antea
795 1508 948 1584 petierat:
971 1518 1067 1586 atque
1081 1524 1126 1584 per

385 1605 597 1681 obprobriosa
618 1607 718 1667 verba
740 1624 822 1684 quae
852 1607 891 1666 ab
914 1606 963 1666 eis
986 1607 1125 1676 audierat,

350 1720 375 1761 ro
385 1703 575 1780 margaritae
591 1721 675 1780 quae
698 1705 871 1779 restabant,
893 1703 926 1763 in
944 1719 1125 1765 coronasti

384 1801 447 1860 iam
470 1801 616 1877 perfecte
639 1802 820 1877 completae
843 1810 945 1861 erant.

385 2005 441 2064 DE
468 2003 700 2066 PATIENTIA
726 2005 777 2065 ET
800 2006 953 2067 MORTE
985 2004 1124 2067 PETRO-

400 2102 558 2163 NlLLAE
581 2103 735 2164 NEPTIS
759 2104 892 2165 HVIVS
915 2103 1115 2167 VIRGINIS.

628 2252 834 2303 CAPITVLVM
854 2253 895 2302 lx.

349 2331 605 2550 isffilgnum
637 2399 687 2450 est
718 2407 805 2450 nunc
834 2390 942 2467 aliqua
973 2390 1068 2450 etiam
1093 2387 1123 2446 de

382 2440 395 2523 ᾗ
513 2488 689 2548 Petronilla
720 2487 865 2563 virgine,
896 2487 996 2547 huius
1027 2499 1122 2547 sacrae

382 2585 519 2662 virginis
547 2594 645 2660 nepte
676 2584 822 2644 recitare.
859 2585 950 2644 Haec
973 2585 1068 2662 igitur
1086 2583 1121 2642 iu·

381 2685 520 2743 vencula
542 2700 701 2742 annorum
727 2683 794 2742 fere
818 2682 931 2741 decem
955 2692 987 2743 et
1003 2692 1121 2759 septen,

383 2781 447 2840 filia
463 2781 522 2841 fuit
536 2780 643 2840 fratris
656 2780 777 2857 Lydiae
789 2780 941 2856 virginis3
956 2780 1086 2841 amatrix
1099 2784 1122 2835 et

344 2890 492 2938 zocustos
511 2889 688 2954 perpetuae
704 2878 877 2938 castitatis:
893 2896 1004 2938 euram
1020 2890 1122 2955 gerens

381 2986 573 3036 materterae
589 2993 669 3035 suae
685 2976 738 3035 die
753 2994 790 3035 ac
806 2985 902 3036 nocte
918 2976 951 3035 in
967 2985 1031 3036 tam
1047 2969 1120 3052 gravi

381 3072 530 3132 molestia
546 3073 660 3149 longae
677 3072 899 3148 aegritudinis,
933 3073 1024 3134 Haec
1039 3085 1121 3133 came

381 3170 571 3247 propinqua,
594 3169 709 3245 spiritu
728 3187 831 3245 soror,
853 3172 988 3232 servitio
1011 3170 1121 3239 ancilla,

380 3269 477 3345 elegit
492 3269 582 3345 virgo
604 3268 721 3344 virgini
745 3268 886 3328 servire:
909 3278 941 3329 et
963 3269 1059 3329 castis
1079 3266 1121 3325 ob-

343 3367 505 3444 assequiis
528 3366 664 3426 vulnera
694 3365 878 3443 languentis
900 3364 1120 3443 benignissime

380 3463 527 3523 delinire.
571 3464 661 3523 Haec
698 3463 730 3522 in
767 3462 997 3537 persecutione
1030 3462 1119 3521 Picar-

380 3561 512 3634 dornm,
546 3561 599 3635 qui
633 3569 777 3619 sanctam
812 3559 946 3636 Lydiam
975 3559 1116 3636 virginem

381 3658 451 3715 Deo
473 3657 655 3732 placentem
683 3656 831 3732 ampliori
854 3657 957 3733 gloria
979 3667 1116 3716 coronan-

379 3755 451 3814 dam
473 3754 666 3830 gravissime
678 3754 950 3815 vulneraverunt:
972 3756 1046 3815 totis
1056 3747 1115 3812 viri-

735 3858 776 3899 aar
