2692 4659
306 669 467 722 ΘΒΜ
495 665 658 709 SERMONES
674 666 713 707 tlt)
730 664 880 708 NOVlCIOS
905 664 1063 716 [mm

309 803 439 877 firmus,
471 811 506 861 ut
536 817 594 876 pro
626 816 665 859 eo
695 798 872 860 Dominum
902 797 936 857 in
968 797 1063 857 missa

308 900 448 960 fideliter
478 908 601 959 oraret:
633 906 665 957 et
694 896 722 955 si
752 895 894 956 Domino
923 895 1062 971 placeret

309 998 426 1059 iterum
447 996 702 1057 convalesceret.
731 993 822 1053 Tunc
837 992 995 1053 sacerdos
1010 991 1062 1052 mi·

310 1093 488 1156 sericordia
509 1102 635 1167 motus,
662 1091 742 1151 satis
763 1090 944 1150 affectuose
968 1100 999 1150 et
1020 1089 1061 1148 in·

285 1202 431 1253 sstanter
462 1208 545 1267 opus
574 1188 716 1249 caritatis
746 1187 883 1263 implere
912 1187 1060 1264 cupiens:

309 1290 397 1367 pium
415 1289 591 1349 Dominum
615 1305 672 1363 pro
695 1288 800 1346 salute
821 1284 931 1346 Fratris
947 1287 1060 1345 orabat.

309 1387 414 1447 Nlissa
442 1404 520 1446 vero
554 1385 658 1459 finita,
690 1383 797 1444 statim
829 1382 867 1442 ad
900 1382 1059 1443 infirmum

309 1485 423 1545 iterato
445 1484 599 1544 accessit:
627 1494 658 1543 et
681 1481 819 1559 qualiter
841 1499 956 1542 secum
979 1490 1061 1543 esset

309 1582 528 1659 interrogavit.
577 1579 757 1657 Respondit
787 1579 949 1641 infirmus,
998 1581 1061 1639 Deo

276 1701 300 1742 to
308 1680 438 1758 gratias,
460 1679 566 1741 sentio
588 1696 642 1738 me
663 1677 783 1738 melius
806 1677 928 1737 habere
951 1695 990 1737 ex
1006 1676 1063 1736 vir-

308 1788 376 1838 tute
399 1778 530 1854 missae,
552 1798 652 1857 quam*
672 1797 730 1856 pro
753 1796 805 1839 me
828 1779 926 1839 hodie
942 1777 1063 1856 legistis

309 1893 349 1935 ex
371 1876 513 1937 caritate.
553 1878 630 1938 Post
653 1894 775 1954 paucos
797 1876 868 1936 dies
892 1876 993 1937 frater
1014 1876 1065 1935 ille

309 1972 459 2033 infirmus
488 1974 706 2050 reconvaluit3
735 1985 767 2034 et
796 1973 829 2033 in
858 1983 972 2034 sancta
996 1972 1065 2034 reli·

309 2072 405 2148 gione
427 2074 565 2133 multum
588 2074 621 2133 in
644 2073 818 2133 devotione
840 2071 1019 2148 proficiens
1037 2081 1067 2130 et

276 2171 445 2230 rsdevotos
481 2170 582 2231 libros
617 2182 648 2231 et
684 2170 848 2232 orationes
879 2178 1067 2229 sanctorum

310 2268 449 2328 libenter
470 2270 599 2345 legens:
627 2270 698 2328 Deo
721 2268 915 2344 disponente
937 2267 1069 2327 tandem

310 2375 383 2441 post
394 2383 515 2441 paucos
526 2365 863 2441 annosadprioratum
874 2366 1071 2431 electusest.

631 2541 749 2590 ALIVD.

311 2613 507 2828 ᾔτηη
538 2660 668 2738 quidam
698 2660 810 2720 senior
841 2660 873 2719 in
904 2672 1073 2722 conventu

274 2776 302 2817 20
442 2770 553 2820 nostro
576 2758 716 2836 quodam
739 2768 886 2835 tempore
907 2759 998 2835 gravi
1015 2761 1073 2820 do·

311 2860 380 2919 lore
395 2859 559 2918 viscerum
576 2857 802 2932 torquebatur:
826 2867 859 2916 ut
875 2874 935 2917 nec
951 2856 1074 2918 sedere

311 2974 372 3016 nec
401 2956 511 3033 quiete
540 2955 682 3015 dormire
711 2965 823 3031 posset
851 2973 927 3032 prae
957 2956 1075 3017 dolore

311 3072 409 3131 quem
420 3054 509 3114 intus
520 3053 710 3129 patiebatur.
737 3053 889 3129 Cumque
901 3070 959 3128 per
970 3062 1073 3114 totam

311 3162 440 3212 noctem
470 3163 501 3212 et
531 3151 600 3212 fere
630 3169 735 3228 usque
763 3153 802 3213 ad
827 3151 997 3212 meridiem
1022 3153 1074 3214 sic

275 3265 303 3305 25
311 3261 509 3327 gravaretur,
531 3266 618 3308 nunc
641 3248 752 3309 iacens
774 3267 861 3309 nunc
884 3266 920 3309 se
937 3249 1075 3326 erigens

312 3349 461 3408 levamen
493 3358 681 3424 quaereret,
716 3366 777 3409 nec
809 3348 991 3408 remedium
1023 3349 1076 3410 in-

313 3445 455 3522 veniret;
477 3447 567 3507 venit
588 3448 627 3507 ad
649 3463 724 3506 eum
748 3445 878 3522 quidam
897 3446 1001 3507 laicus
1016 3449 1076 3509 de·

312 3555 407 3604 votus
429 3543 582 3606 visitandi
601 3544 718 3621 gratia:
741 3553 773 3604 et
789 3544 992 3622 compatiens
1008 3546 1074 3608 sibi

313 3641 391 3702 dixit
407 3642 615 3703 consolando.
646 3641 792 3718 Surgatis
808 3652 840 3702 et
853 3641 994 3703 veniatis
1005 3661 1076 3705 me-

276 3756 386 3800 aocum
416 3740 454 3800 ad
477 3740 602 3817 ignem:
631 3757 728 3815 spero
751 3740 837 3816 quod
860 3740 954 3801 vobis
977 3745 1076 3819 prod·

668 3844 709 3886 312
