2692 4659
234 679 563 732 OEfflfflm
588 679 651 721 xllll
678 680 1001 732 masmim&

521 872 724 921 EXEMPLVM.

237 968 396 1187 Qun
416 1024 547 1101 quidam
569 1024 669 1085 irater
691 1026 723 1085 in
740 1026 854 1085 ordine
876 1027 1001 1104 regula·

370 1122 454 1182 rium
471 1123 682 1198 probabiliter
697 1123 751 1183 diu
770 1133 1001 1183 conversatus:

238 1232 272 1280 et
302 1230 493 1296 procurator
525 1221 630 1280 iactus
661 1221 746 1296 apud
778 1223 899 1281 multos
928 1221 1000 1280 reli·

237 1319 350 1395 giosos
379 1328 412 1377 et
440 1318 627 1377 saeculares
655 1328 724 1378 erat
745 1319 829 1379 bene
852 1318 943 1379 visus
970 1330 1024 1378 ets

239 1425 420 1492 reputatus.
467 1416 530 1475 Hic
562 1417 658 1492 longo
690 1427 837 1492 ternpore
867 1427 1002 1493 tempta·

238 1513 362 1573 tionem
386 1513 509 1589 habuit,
531 1523 562 1573 et
585 1514 785 1574 desiderium
811 1514 1000 1574 transeundi

238 1612 277 1671 ad
311 1611 411 1670 alium
444 1610 592 1669 ordinem
623 1621 656 1670 et
687 1611 793 1671 locum
824 1620 1001 1672 remotum:

238 1710 326 1786 quod
350 1721 383 1769 et
406 1709 485 1768 fecit
514 1709 591 1768 licet
613 1708 723 1768 minus
745 1709 879 1784 provide
902 1718 934 1767 et
956 1708 1002 1767 in·

239 1806 401 1867 consulte.
425 1807 508 1866 Nam
525 1823 566 1866 ex
581 1806 680 1866 debili
697 1807 780 1866 line:
800 1808 901 1884 patuit
917 1818 1002 1883 post·
1014 1823 1038 1863 ιο

239 1905 374 1964 modum
397 1904 515 1964 levitas
535 1903 783 1964 inconstantiae.
814 1904 1004 1964 Providerat

239 2013 350 2062 autem
373 2011 503 2061 secrete
525 2000 587 2060 sibi
611 2001 719 2061 locum
741 2002 826 2077 apud
845 2002 1002 2078 quosdam

240 2100 414 2177 religiosos
437 2099 664 2159 mendicantes
694 2099 773 2159 satis
794 2100 899 2159 bonae
928 2117 1003 2159 con·

240 2197 440 2258 versationis
475 2196 536 2256 sub
569 2197 682 2273 regula
712 2198 796 2257 beati
828 2197 1002 2275 Augustini

239 2294 418 2370 degentes:
454 2311 472 2353 a
507 2294 626 2371 quibus
661 2294 758 2354 etiam
795 2296 936 2372 benigne
971 2306 1039 2356 etrs

238 2392 381 2452 libenter
409 2402 460 2453 est
490 2402 652 2468 receptus.
697 2394 766 2452 Nec
795 2393 891 2469 longa
913 2410 1003 2452 mora

238 2489 346 2549 extitit
359 2489 399 2549 ad
414 2489 637 2564 probandum:
659 2490 718 2549 sed
742 2490 936 2550 festinanter
953 2501 1003 2551 est

238 2588 415 2648 investitus
447 2598 580 2663 propter
607 2588 790 2647 vehemens
822 2605 918 2648 suum
948 2588 1003 2647 de·

238 2684 397 2744 siderium
431 2684 686 2760 adimplendum.
735 2683 813 2743 Tam
844 2684 1003 2744 instanter

238 2782 332 2857 petiit
359 2793 392 2841 et
413 2782 581 2841 anhelavit
602 2782 641 2841 ad
665 2782 756 2842 illum
779 2781 944 2841 ordinem:
969 2790 1039 2840 ut2o

239 2878 355 2938 eodem
373 2877 426 2937 die
442 2879 582 2939 libenter
593 2879 835 2955 professionem
853 2878 1002 2938 iecisset:

239 2976 267 3034 si
298 2976 454 3036 fratribus
477 2978 539 3036 hoc
561 2978 751 3052 placuisset.
795 2977 859 3036 Sed
887 2976 1003 3035 iratres

240 3072 403 3133 cautiores
425 3090 521 3149 quam
549 3075 621 3150 ipse
643 3075 720 3151 quia
743 3074 1003 3135 conversationis

241 3170 312 3229 eius
341 3179 460 3231 statum
484 3173 692 3233 nesciebant:
722 3173 894 3248 repentino
919 3172 1004 3232 desi·

242 3267 332 3327 derio
354 3285 415 3326 suo
431 3285 497 3328 non
513 3281 773 3331 consenserunt:
793 3272 851 3331 sed
873 3281 1039 3345 tempusas

243 3365 442 3439 probationis
467 3376 501 3426 ut
523 3368 625 3427 moris
654 3378 704 3428 est
733 3368 835 3428 libere
865 3368 926 3427 sibi
957 3368 1004 3426 in·

246 3462 423 3523 dulserunt.
465 3462 692 3526 Aestimabant
720 3466 807 3526 enim
838 3466 924 3526 sicut
950 3483 1003 3525 ex·

247 3562 345 3622 terius
367 3564 558 3638 apparebat:
587 3566 675 3624 hunc
705 3566 864 3624 advenam
890 3563 1002 3623 utilem

249 3658 304 3717 sibi
337 3660 424 3734 iore,
456 3660 533 3736 quia
563 3662 716 3737 personis
747 3662 935 3738 indigebant
963 3661 1002 3720 ad

251 3756 366 3816 ordinis
397 3757 677 3819 reformationem.
730 3759 795 3819 Sed
827 3776 900 3818 cum
937 3758 1038 3821 iamso

605 3864 640 3905 ιιι
