2692 4659
369 693 530 746 ww
557 691 720 735 SERMONES
735 692 775 734 AD
791 692 940 735 novicios
965 694 1127 747 {ww

370 827 434 887 lius
449 835 647 904 proponunt:
669 827 732 886 hoc
747 844 876 887 summo
892 829 963 888 Deo
979 829 1126 888 omnium

369 926 528 985 bonorum
565 924 708 1002 largitori
743 924 904 984 veraciter
938 925 1126 987 attribuunt.

368 1021 525 1100 Alioquin
554 1023 644 1083 iures
666 1032 760 1098 sunt,
788 1033 820 1083 et
848 1025 1007 1084 latrones:
1037 1025 1127 1084 iures

369 1120 446 1197 quia
479 1120 614 1197 gloriam
651 1129 684 1181 et
719 1122 878 1181 honorem
915 1122 976 1181 Dei
1013 1122 1127 1182 illicite

346 1228 543 1294 susurpant3
574 1219 716 1279 latrones
745 1219 821 1296 quia
846 1236 929 1279 vane
959 1220 1127 1295 gloriando

369 1317 508 1377 animam
532 1333 624 1376 suam
651 1316 817 1377 inliciunt:
846 1326 878 1377 et
907 1316 1127 1392 superbiendo

368 1414 503 1491 gratiam
526 1413 588 1474 Dei
610 1414 760 1491 perdunt.

411 1513 496 1591 Quis
512 1521 562 1572 est
577 1512 684 1572 iustus
695 1521 727 1573 et
737 1513 910 1589 prudens?
941 1511 1006 1588 Qui
1019 1513 1127 1572 Deum

369 1628 446 1687 prae
469 1610 573 1670 oculis
595 1627 727 1686 semper
749 1612 862 1687 habet3
891 1627 1023 1686 semper
1043 1611 1129 1670 bona

334 1708 503 1785 recogitat,
534 1724 665 1783 semper
693 1708 778 1767 bona
806 1707 964 1784 loquitur:
996 1724 1129 1784 semper

370 1809 454 1866 bona
476 1815 628 1882 operatur
647 1806 724 1864 dum
747 1805 827 1865 vivit
849 1814 881 1865 et
902 1814 1018 1882 potest.
1062 1806 1128 1865 No-

370 1905 426 1964 lite
458 1903 575 1963 iratres
609 1902 685 1962 inde
717 1902 888 1978 superbire
919 1902 995 1979 quia
1026 1903 1129 1963 multa

370 2002 462 2061 scitis
485 2010 516 2060 et
538 2000 661 2076 legitis:
684 2009 738 2060 aut
760 2000 835 2077 quia
858 2000 912 2060 diu
934 2000 968 2060 in
990 2001 1042 2060 via
1066 2002 1128 2061 Dei

370 2112 401 2161 et
422 2101 456 2160 in
479 2099 636 2176 religione
659 2098 777 2159 fuistis.
820 2099 1005 2159 Dolendum
1024 2099 1129 2175 magis

336 2199 445 2276 rsquia
466 2208 530 2258 tam
553 2215 666 2274 parum
683 2197 716 2256 in
732 2197 907 2257 virtutibus
922 2195 1127 2272 proiecistis:

370 2307 402 2357 et
424 2296 546 2356 utinam
575 2294 735 2371 primitias
766 2293 914 2353 novellae
943 2293 1128 2353 dulcedinis

370 2393 475 2453 adhuc
497 2391 661 2452 haberetis
677 2391 767 2451 etita
782 2390 957 2450 sentiretis
988 2391 1128 2450 Verum-

370 2502 477 2551 tamen
500 2507 565 2550 non
588 2488 714 2548 debetis
730 2488 914 2563 desperare,
936 2505 997 2547 nec
1020 2490 1059 2549 ab
1081 2489 1129 2549 in-

371 2589 474 2665 ceptis
505 2587 600 2647 bonis
633 2587 811 2663 desistere3
842 2587 900 2647 sed
932 2604 1006 2647 cum
1039 2588 1129 2648 omni

333 2685 552 2750 aohumilitate
574 2684 721 2744 divinum
738 2684 893 2744 auxilium
911 2684 1073 2761 flagitare:
1095 2696 1131 2746 ut

370 2786 461 2845 Deus
484 2784 633 2860 dignetur
648 2799 768 2842 novum
787 2782 948 2843 iervorem
965 2783 1060 2843 vobis
1082 2784 1130 2844 in·

369 2882 503 2959 spirare.
546 2881 629 2940 Nam
662 2880 816 2956 quamdiu
847 2882 945 2939 homo
977 2880 1011 2940 in
1042 2891 1128 2942 statu

369 2979 532 3057 praesenti
555 2987 721 3052 versatur,
750 2976 912 3037 instabilis
935 2985 1004 3052 est,
1034 2978 1130 3039 etde

369 3081 454 3138 bono
477 3077 516 3136 ad
539 3076 658 3136 malum
676 3073 799 3133 labilis:
822 3081 854 3133 et
877 3092 1073 3135 econverso
1089 3076 1130 3137 de

333 3178 454 3241 25malo
485 3174 524 3233 ad
555 3175 676 3234 bonum
709 3173 909 3249 reparabilis.
951 3174 1047 3234 Vnde
1079 3193 1129 3235 sa-

370 3275 463 3350 piens
493 3291 549 3334 rex
572 3272 726 3333 Salomon
754 3271 807 3332 ait.
851 3271 924 3330 Non
948 3279 998 3331 est
1029 3273 1129 3331 homo

370 3372 485 3432 iustus·
499 3388 599 3446 super
619 3379 756 3431 terram:
786 3370 841 3447 qui
872 3370 967 3431 iaciat
996 3371 1131 3448 bonum,

370 3481 402 3531 et
423 3487 488 3530 non
505 3479 627 3545 peccet.
658 3468 696 3529 Et
711 3470 825 3528 beatus
842 3468 1006 3528 lohannes
1021 3486 1130 3530 aman·

369 3567 517 3628 tissimus
540 3567 614 3626 lesu
630 3566 811 3643 discipulus
833 3566 911 3625 dicit
932 3566 964 3625 in
988 3566 1129 3643 epistula

334 3682 445 3726 aosua:
468 3682 509 3724 ne
532 3663 651 3740 aliquis
672 3663 831 3739 glorietur
852 3663 994 3722 inaniter
1017 3663 1059 3723 de
1080 3662 1128 3722 iu·

370 3763 456 3824 stitia
478 3772 509 3823 et
531 3761 668 3837 puritate
692 3778 760 3821 sua.
794 3761 828 3822 Si
850 3761 1031 3821 dixerimus
1053 3760 1129 3837 quia

733 3865 761 3906 sa
