2692 4659
577 705 743 759 Epilegomena.

319 838 464 914 tertium,
478 848 552 915 post
563 838 638 899 illos
648 857 766 899 versus
780 842 913 902 omnino
931 852 1038 904 tamen

278 917 414 979 omissis
424 923 493 994 280,
503 923 640 995 22-281‚
649 937 674 977 ar
688 921 781 997 sequi
792 925 1039 1000 282‚1—314,2s,

278 998 319 1057 ad
336 1015 419 1073 quae
441 1001 592 1061 adiuncta
609 1017 725 1077 agmen
741 1011 904 1078 tamquam
920 1015 1040 1080 cogunt

274 1080 347 1153 273,
369 1085 492 1156 8-280,
512 1099 548 1141 21.

389 1270 432 1339 C.
464 1270 526 1336 DE
551 1268 763 1337 THOMAE
787 1270 930 1338 VITAE

431 1374 688 1444 LIDEWIGIS
714 1375 886 1444 FONTE.

318 1509 1038 1589 QuemlibellumdevitaLidewigisThomas

274 1597 346 1668 317,
376 1608 455 1650 n-ao
483 1607 519 1651 se
551 1590 731 1667 perlegisse
761 1601 792 1651 et
820 1590 972 1650 breviore
1001 1609 1037 1651 ac

277 1674 425 1750 planiore
440 1671 516 1732 stilo
532 1671 759 1746 composuisse
774 1681 893 1746 narrat,
908 1671 937 1731 is
953 1682 1038 1733 extat

277 1755 311 1814 in
328 1752 434 1814 AASS
446 1754 607 1812 270-303
623 1752 717 1823 „Vita
733 1751 822 1827 prior
836 1752 950 1812 beatae
966 1752 1038 1812 Lid-

276 1835 382 1895 winae
411 1832 566 1909 virginis“
598 1831 787 1908 inscriptus.
830 1832 953 1892 Ibidem
977 1836 1037 1893 303

274 1918 377 1975 -363
400 1914 493 1986 „Vita
522 1912 702 1989 posteri0r“
733 1912 881 1972 eiusdem
909 1913 1036 1989 legitur.

276 1995 386 2071 Atque
402 1995 480 2071 quin
496 1993 638 2053 Thomas
654 1993 687 2052 in
703 2010 763 2052 sua
773 1993 848 2054 Vita
864 1993 1036 2070 Lidewigis

276 2075 515 2136 conscribenda
543 2074 652 2150 priore
682 2090 763 2133 usus
789 2074 831 2133 sit
854 2074 887 2133 in
909 2091 1037 2134 summa

275 2167 346 2217 turn
370 2172 479 2215 rerum
501 2165 570 2215 tum
593 2153 750 2213 orationis
771 2153 857 2214 inter
878 2153 1036 2215 Thomam

276 2247 309 2298 ct
321 2238 444 2297 fontem
459 2236 550 2295 illum
566 2233 786 2294 consensione
802 2252 820 2293 a
834 2235 935 2309 nullo,
950 2236 1037 2312 quod

276 2318 391 2392 sciam,
413 2316 592 2376 dubitatum
615 2324 666 2374 est
687 2331 749 2374 nec
766 2315 904 2375 dubitari
920 2326 1036 2391 potest.

277 2400 396 2474 Neque
426 2407 555 2472 praeter
576 2396 760 2456 Hirschium
791 2396 900 2455 11323
924 2413 1037 2472 quern-

276 2496 374 2555 quam
398 2478 438 2537 de
462 2477 605 2537 iohanne
628 2476 838 2551 Brugmanno
865 2476 1036 2555 utriusque

275 2560 372 2621 Vitae
394 2569 526 2617 auctore
548 2556 791 2616 addubitavisse
820 2557 899 2616 mihi
922 2569 1035 2618 notum

275 2649 344 2714 est;
371 2639 426 2698 ille
448 2655 527 2697 vero
549 2637 669 2714 prioris
691 2636 785 2696 Vitae
808 2638 931 2698 auctori
954 2638 1035 2698 nihil

275 2719 340 2780 nisi
365 2736 487 2778 meram
518 2717 738 2778 coniecturam
768 2717 931 2792 praesidio
961 2736 1036 2779 esse

276 2801 429 2877 opinatus
461 2799 708 2875 Brugmannum
740 2797 829 2857 illam
860 2799 1035 2875 scripsisse

275 2880 424 2957 negavit3
460 2896 604 2938 errorem
641 2888 752 2937 natum
790 2896 864 2938 esse
900 2896 918 2939 c
952 2881 1036 2940 mala

274 2960 543 3036 interpretatione
566 2958 711 3018 adverbii
727 2959 831 3029 tertio,
853 2976 917 3035 quo
934 2960 1036 3037 Brug-

276 3058 418 3102 mannus
429 3041 462 3100 in
478 3041 611 3116 prologo
623 3040 717 3099 Vitae
730 3040 922 3115 posterioris
937 3059 966 3116 p.
976 3044 1037 3101 305

275 3123 324 3182 sic
355 3139 436 3181 usus
458 3131 524 3180 est:
555 3119 687 3191 „Timeo
710 3137 768 3195 ne,
798 3137 871 3180 curn
894 3133 1036 3197 tacuero,

275 3202 462 3263 clamabunt
483 3218 542 3277 per
563 3216 638 3259 aera
659 3200 812 3275 spiritus,
834 3219 893 3277 per
913 3203 1036 3277 plateas

275 3284 434 3356 inianteS,
463 3281 496 3340 in
525 3280 704 3356 parietibus
733 3281 874 3356 lapides3
903 3299 942 3342 cx
971 3300 1035 3359 quo

274 3365 340 3439 jam
357 3362 452 3423 tertio
464 3362 608 3421 scribere
620 3360 799 3437 efficacius,
817 3363 1036 3423 commonitus

276 3447 369 3504 sum“
383 3449 408 3518 ¹3
430 3460 494 3519 quo
518 3459 591 3501 cum
615 3458 724 3517 perse
740 3442 915 3518 significari
932 3444 1036 3520 possit

317 3645 324 3671 ¹
339 3643 404 3696 Quae
424 3644 491 3684 verba
505 3642 520 3683 1.
537 3642 552 3683 l.
567 3642 620 3683 haec
639 3644 766 3695 excipiunt:
787 3641 849 3693 „Oro
867 3652 940 3684 tamen
960 3655 1036 3696 quem·

276 3696 327 3738 libet
343 3699 406 3750 pium
421 3697 535 3747 lectorem,
551 3704 574 3736 ut
589 3695 693 3748 perlectis
709 3698 731 3737 in
746 3705 791 3737 toto
807 3697 841 3737 vel
857 3698 880 3737 ln
895 3705 964 3749 parte,
980 3709 1036 3750 quae

278 3749 323 3792 Deo
342 3751 399 3792 duce
418 3750 462 3801 iam
482 3752 547 3791 tertio
566 3752 709 3801 compingere
728 3751 790 3802 potui
813 3751 839 3791 ad
859 3750 946 3793 laudem
967 3749 1035 3801 hujus

277 3806 443 3846 sacratissimae
457 3802 565 3855 Virginis,
580 3803 670 3856 oblique
686 3815 730 3844 non
746 3804 850 3854 judicet.“

635 3881 677 3922 ⁴89
