2692 4659
357 692 519 745 mm
547 691 710 734 SERMONES
726 692 765 734 Ab
781 689 930 733 NOVlCIOS
954 691 1116 743 fflwffi

356 826 463 886 terris,
506 826 597 885 Haec
629 836 679 885 est
710 825 801 901 virgo
832 824 1054 884 sacratissima
1085 836 1115 885 et

357 933 461 985 mater
483 924 544 984 Dei
568 923 752 983 carissima:
782 923 822 982 de
844 939 908 998 qua
934 921 1062 982 canitur
1082 922 1114 981 in

356 1032 468 1083 sancta
490 1021 632 1081 ecclesia
660 1038 720 1096 per
748 1029 849 1080 totum
873 1020 984 1079 orbem
1017 1029 1114 1080 terra·

356 1138 428 1180 rum
464 1121 528 1179 late
563 1118 693 1179 diffusa.
743 1118 886 1178 Exaltata
921 1128 971 1178 est
1005 1127 1115 1177 sancta

334 1217 418 1277 sDei
449 1215 613 1293 genetrix:
645 1232 745 1291 super
776 1216 894 1274 choros
924 1216 1113 1291 angelorum

356 1316 395 1375 ad
418 1314 571 1375 caelestia
593 1331 702 1391 regna.
737 1312 923 1389 Recogitate
945 1330 1023 1389 ergo
1046 1313 1114 1373 dili-

355 1422 470 1488 genter
495 1412 627 1488 antiqua
649 1421 835 1471 sanctorum
859 1411 1113 1486 patriarcharum

355 1520 464 1586 gesta:
494 1511 535 1570 de
556 1527 695 1587 quorum
718 1510 820 1585 stirpe
842 1518 912 1569 orta
940 1518 991 1568 est
1013 1520 1116 1569 mater

357 1608 417 1667 Dei
451 1608 556 1667 illaria
586 1616 749 1684 tamquam
783 1624 857 1667 rosa
887 1606 973 1666 inter
1003 1606 1114 1681 spinas

322 1703 428 1763 rosine
451 1704 554 1779 spina.
590 1703 682 1764 Sicut
704 1703 791 1763 enim
815 1704 890 1764 olim
914 1720 973 1780 per
995 1705 1115 1763 multos

356 1811 487 1861 sanctos
518 1801 607 1861 viros
638 1801 838 1877 patriarchas
869 1813 901 1862 et
929 1802 1116 1877 prophetas,

356 1915 415 1974 per
436 1898 562 1958 iudices
585 1908 616 1959 et
639 1915 750 1974 reges,
780 1915 839 1974 per
867 1898 1056 1958 sacerdotes
1085 1910 1117 1959 et

356 1996 488 2071 levitas,
520 2013 579 2072 per
601 1996 751 2056 doctores
774 2005 806 2055 et
833 1995 976 2071 scribas,
1004 1995 1117 2055 verbis

356 2093 460 2169 signis
482 2104 514 2154 et
536 2093 659 2170 figuris,
681 2094 928 2169 praenuntiatus
950 2102 1000 2153 est
1018 2092 1117 2155 Chri·

306 2202 427 2251 ustus
450 2191 511 2251 Dei
535 2191 621 2251 filius
644 2208 683 2250 ex
701 2190 827 2267 virgine
849 2209 907 2268 pro
930 2191 1043 2251 mundi
1067 2208 1116 2251 re·

357 2288 543 2364 demptione
566 2288 769 2363 nasciturus,
801 2299 833 2349 et
861 2288 893 2348 in
923 2306 1021 2348 cruce
1045 2306 1117 2365 pas·

356 2403 471 2461 surus3
493 2386 537 2445 ita
551 2385 787 2446 convenienter
802 2386 881 2446 satis
903 2396 935 2446 et
950 2386 1118 2461 sapienter

357 2483 560 2555 ordinatione
590 2484 700 2544 divina
728 2484 942 2561 praefigurata
971 2493 1003 2543 et
1025 2501 1118 2559 prae·

357 2581 503 2641 conizata
534 2593 583 2642 est
614 2581 804 2642 beatissima
835 2600 871 2641 ac
903 2582 1118 2642 devotissima

320 2679 448 2754 zovirgo
478 2680 582 2739 Maria
611 2697 670 2756 per
699 2698 808 2739 sacras
840 2680 928 2739 illius
959 2680 1118 2755 temporis

357 2777 511 2853 virgines,
533 2793 591 2852 per
605 2776 751 2835 illustres
772 2776 921 2850 feminaS,
936 2791 995 2851 per
1010 2786 1118 2837 castas

357 2874 483 2949 viduas,
504 2891 563 2950 per
584 2874 719 2933 devotas
741 2874 976 2949 prophetissas,
1005 2883 1037 2933 et
1060 2891 1119 2950 per

357 2983 483 3031 ceteras
518 2974 673 3032 honestas
710 2982 874 3032 matronas
905 2972 938 3031 in
970 2972 1118 3032 castitate

357 3071 524 3130 viventes:
556 3081 652 3147 atque
675 3072 715 3130 ob
738 3071 912 3147 pudicitiae
935 3070 1117 3130 custodiam

320 3186 431 3229 ascum
454 3167 572 3243 puellis
594 3166 664 3227 suis
687 3167 719 3227 in
743 3167 893 3227 domibus
923 3179 955 3228 et
977 3167 1118 3228 cameris

358 3267 396 3326 ab
428 3265 614 3341 aspectibus
643 3264 788 3324 virorum
821 3264 975 3325 inclusas.
1027 3265 1118 3325 Haec

358 3371 407 3422 est
425 3379 540 3422 revera
555 3362 760 3422 attestatione
776 3372 961 3422 sanctarum
978 3363 1117 3439 scriptu·

358 3477 466 3519 rarum
496 3459 641 3520 omnium
665 3459 827 3535 virginum
857 3459 947 3535 virgo
977 3461 1118 3535 pruden-

281 3583 284 3588 ·
359 3557 495 3633 tissima,
517 3556 663 3617 omnium
681 3556 876 3616 feminarum
894 3557 1118 3633 pudicissima,

322 3655 506 3719 aoomnium
537 3654 720 3730 puellarum
752 3654 1015 3731 speciosissima,
1051 3672 1117 3715 om-

360 3753 451 3813 nium
474 3763 694 3813 matronarum
711 3752 954 3828 honestissima,
970 3753 1117 3813 omnium

714 3857 755 3897 232
