2692 4659
373 696 534 749 ΘΒῆΘΒὲ
561 695 724 738 SERMONES
739 696 779 737 Ab
795 694 944 738 NOVlClOS
970 696 1135 750 mm

375 829 463 889 ferri.
500 828 621 890 Omnia
642 829 760 889 vitiosa
781 837 813 888 et
835 828 939 889 otiosa
967 830 1133 907 colloquia

374 927 495 1003 ubique
504 928 634 987 vitanda
649 936 741 986 sunt:
757 927 814 986 sed
831 927 1005 1002 praecipue
1022 939 1131 988 tamen

374 1025 407 1084 in
429 1025 551 1100 templo
575 1024 653 1099 Dei,
676 1023 709 1083 in
732 1024 806 1083 aula
827 1024 946 1083 summi
970 1025 1078 1101 regis,
1099 1025 1130 1084 in

374 1122 558 1183 sanctuario
581 1122 723 1198 Spiritus
745 1122 866 1197 sancti,
894 1121 928 1181 in
951 1133 1129 1198 conspectu

350 1222 562 1297 sangelorum
586 1230 618 1280 et
642 1219 833 1280 caelestium
856 1219 995 1295 civium,
1019 1237 1129 1296 super·

373 1336 556 1395 norumque
579 1318 752 1394 spirituum
769 1316 962 1393 praesentia.
995 1317 1128 1377 Summe

374 1416 472 1493 igitur
486 1416 685 1476 venerabilis
707 1425 757 1476 est
777 1416 869 1475 locus
891 1415 953 1475 iste
970 1433 988 1474 a
1004 1416 1076 1476 Deo
1091 1416 1127 1474 ab

373 1524 506 1574 aeterno
522 1515 704 1591 praevisus,
727 1524 759 1573 et
774 1514 813 1573 ad
829 1512 1043 1573 serviendum
1066 1512 1124 1573 sibi

373 1629 447 1671 curn
470 1612 540 1671 suis
562 1611 722 1671 ministris
738 1620 769 1670 et
785 1610 888 1670 sacris
899 1610 988 1669 vasis
1004 1611 1125 1670 electus

339 1729 363 1769 10
373 1721 404 1770 et
420 1710 609 1786 deputatus:
625 1720 657 1769 et
672 1709 705 1768 in
721 1719 868 1784 tempore
884 1707 1056 1784 praefinito
1072 1725 1126 1785 per

372 1825 488 1867 manus
518 1807 682 1883 pontilicis
705 1824 779 1866 cum
803 1806 915 1866 multis
938 1815 1123 1866 sanctorum

372 1905 520 1981 reliquiis
544 1915 757 1965 consecratus
779 1915 811 1964 et
833 1914 977 1964 ornatus.
1011 1904 1047 1963 ln
1064 1920 1124 1980 quo

371 2003 502 2078 quidem
533 2003 604 2062 loco
627 2004 770 2062 humana
795 2002 975 2078 iunguntur
996 2001 1124 2075 divinis,

371 2100 436 2160 ima
466 2101 622 2176 summis,
657 2112 788 2161 terrena
819 2099 1034 2160 caelestibus:
1070 2116 1125 2176 per

338 2219 362 2260 15
371 2209 574 2259 sacramenta
583 2198 708 2259 Christi
720 2214 803 2274 quae
818 2197 938 2257 ibidem
950 2206 1126 2257 tractantur

372 2305 404 2355 et
426 2296 632 2356 celebrantur
654 2315 672 2355 a
694 2295 918 2356 sacerdotibus
946 2295 980 2353 in
1004 2294 1125 2354 missis.

371 2393 469 2470 Quod
492 2403 590 2469 agunt
612 2394 715 2453 sancti
738 2393 843 2469 angeli
867 2393 900 2452 in
924 2392 1043 2467 caelis,
1065 2394 1125 2451 hoc

371 2491 467 2551 etiarn
484 2508 580 2567 agere
596 2492 716 2551 debent
731 2491 845 2551 fideles
861 2490 894 2550 in
910 2490 1026 2574 terris3
1042 2490 1126 2550 scili·

371 2599 423 2649 cet
438 2590 569 2648 laudare
585 2600 617 2648 et
631 2588 828 2648 benedicere
840 2589 945 2647 Deum
963 2588 1041 2647 totis
1052 2587 1126 2647 viri·

334 2688 448 2747 anbus:
472 2697 503 2746 et
525 2686 734 2762 magnificare
764 2703 837 2746 eum
867 2702 944 2761 prae
972 2686 1126 2745 omnibus

371 2785 494 2844 sanctis
516 2796 548 2844 et
571 2785 747 2860 creaturis,
776 2802 833 2860 pro
857 2784 951 2843 donis
974 2793 1006 2843 et
1029 2785 1126 2844 bene-

371 2882 454 2943 liciis
484 2884 563 2943 suis.
601 2883 639 2942 Et
661 2882 688 2941 si
712 2900 776 2942 non
806 2893 894 2942 tanta
916 2882 1072 2958 dignitate
1096 2893 1126 2942 et

370 2981 534 3041 alacritate
556 2981 641 3040 sicut
663 2979 786 3056 angeli3
815 2990 923 3039 tamen
946 2997 1004 3055 pro
1028 2997 1125 3056 posse

370 3095 449 3137 suae
464 3078 662 3138 infirmitatis
678 3077 814 3153 quilibet
829 3077 925 3137 debet
941 3077 999 3136 niti
1017 3077 1124 3137 lacere

333 3186 402 3237 aset
423 3187 532 3253 aptare
555 3194 602 3252 se,
624 3187 659 3237 ut
680 3178 786 3236 Deum
808 3175 953 3252 perfecte
976 3192 1051 3235 cum
1074 3192 1126 3235 an·

369 3274 452 3349 gelis
474 3291 607 3350 semper
629 3275 754 3334 laudet:
777 3291 876 3349 super
898 3274 1009 3332 omnia
1031 3284 1125 3346 amet,

370 3383 402 3431 et
430 3372 463 3431 in
486 3372 639 3432 omnibus
661 3371 843 3432 benedicat.
880 3371 1003 3431 Sinon
1034 3381 1124 3448 potes

370 3469 463 3529 labiis
479 3470 546 3530 oris
557 3486 728 3529 resonare:
739 3469 839 3528 debes
855 3468 1008 3543 suspiriis
1020 3469 1124 3529 cordis

369 3568 408 3626 ad
432 3569 544 3635 Deum,
561 3567 712 3627 clamare.
749 3567 783 3627 Si
807 3566 910 3627 fueris
933 3586 1052 3628 raucus
1073 3566 1122 3627 vel

332 3666 534 3741 audissonus‚
556 3665 623 3725 noli
647 3682 778 3725 cessare
794 3683 812 3724 a
827 3666 994 3725 laudibus:
1017 3674 1121 3725 necte

370 3765 561 3824 subtrahere
577 3782 595 3823 a
610 3764 730 3823 divinis
746 3763 882 3840 officiis3
904 3765 962 3824 sed
979 3764 1120 3824 ausculta

726 3869 767 3910 286
