2692 4659
313 668 473 720 mm
501 666 663 709 SERMONES
679 667 719 708 AD
736 666 884 710 NOVICIOS
910 668 1074 719 &RQ->Q

314 800 468 861 liciamini
492 800 576 861 sicut
599 800 742 876 parvuli:
764 818 830 860 non
853 800 1015 861 intrabitis
1039 801 1072 860 in

314 915 450 974 regnum
473 900 649 958 caelorum.
693 899 731 958 Et
752 898 882 959 iterum.
914 898 979 975 Qui
1003 900 1073 960 vult

313 998 439 1074 primus
462 1014 553 1056 esse:
583 996 644 1057 erit
666 996 812 1056 omnium
836 1007 981 1057 vestrum
1004 1015 1072 1058 ser·

313 1112 384 1155 vus,
427 1095 511 1155 Ecce
533 1094 693 1154 carissimi
717 1112 775 1170 per
796 1094 858 1153 ista
879 1094 1073 1155 humilitatis

290 1204 345 1253 set
367 1192 541 1269 patientiae
557 1194 706 1269 exempla
728 1203 902 1269 quaesunt
924 1193 1072 1254 omnium

313 1291 468 1352 virtutum
492 1291 719 1366 fundamenta3
750 1300 856 1367 potest
878 1290 1018 1367 simplex
1041 1302 1074 1353 et

313 1389 492 1449 oboediens
514 1388 613 1447 frater
634 1386 707 1446 sine
730 1388 841 1448 multis
870 1390 1073 1464 argumentis

313 1498 344 1548 et
375 1487 492 1547 astutis
522 1485 634 1546 verbis
664 1486 704 1544 ad
736 1503 872 1562 regnum
905 1488 1071 1547 caelorum

313 1602 429 1645 secura
444 1583 645 1645 conscientia
660 1584 849 1658 pervenire:
872 1595 904 1645 et
919 1596 1073 1646 aeternos

279 1697 303 1737 ro
314 1684 452 1743 evadere
482 1681 646 1742 cruciatus
668 1681 807 1758 inferni,
836 1684 997 1759 patienter
1019 1702 1072 1744 su-

313 1782 464 1841 stinendo
487 1779 651 1856 quaelibet
673 1781 844 1856 contraria,
865 1799 883 1841 a
905 1782 1073 1857 perversis

313 1879 435 1939 iniuste
466 1878 527 1938 sibi
561 1878 657 1937 illata.
710 1876 853 1954 Apparet
891 1879 999 1955 itaque
1031 1898 1072 1940 ex

313 1977 487 2053 praedictis
508 1975 585 2053 quia
606 1974 638 2034 in
659 1975 811 2035 omnibus
830 1977 914 2036 locis
936 1986 969 2038 et
989 1986 1072 2037 tem·

313 2074 446 2151 poribus
468 2083 654 2133 sanctorum
679 2073 810 2133 luerunt
831 2072 906 2131 boni
930 2084 961 2134 et
982 2074 1072 2149 mali,

279 2173 428 2233 rslideles
450 2180 482 2231 et
503 2170 680 2230 increduli:
709 2170 816 2230 devoti
846 2181 878 2231 et
909 2170 1072 2248 dissoluti,

313 2270 455 2330 benivoli
479 2278 511 2330 et
532 2268 697 2345 perversi,
726 2268 912 2344 spirituales
941 2280 972 2330 et
1001 2288 1071 2329 car·

313 2370 423 2445 nales3
445 2378 477 2428 et
498 2367 574 2427 boni
597 2384 656 2442 per
679 2383 770 2425 suam
787 2366 974 2441 patientiam
997 2386 1071 2444 pro-

314 2467 463 2527 fecerunt
485 2464 604 2525 cotidie
627 2464 660 2523 in
683 2463 819 2523 melius:
843 2474 874 2524 et
896 2465 971 2524 mali
993 2476 1074 2525 tam-

313 2582 409 2641 quam
441 2564 551 2623 lumus
580 2571 785 2621 evanuerunt
814 2561 847 2621 in
877 2563 1010 2624 malitiis
1042 2575 1076 2626 et

276 2662 487 2722 aodesideriis
518 2660 597 2720 suis.
650 2660 742 2719 Deus
779 2669 886 2719 autem
923 2662 1072 2722 omnium

313 2777 422 2820 rerum
445 2758 593 2819 conditor
615 2770 646 2820 et
668 2759 835 2833 inspector
854 2759 1074 2835 saeculorum,

312 2877 330 2918 a
358 2857 519 2935 principio
549 2873 653 2932 usque
685 2856 725 2916 ad
755 2855 871 2930 linem,
903 2856 950 2915 sic
982 2857 1075 2918 novit

313 2954 474 3016 moderari
507 2971 623 3013 causas
658 2953 881 3030 singulorum3
912 2963 947 3012 ut
977 2954 1075 3015 bonis

312 3053 421 3113 omnia
450 3063 667 3127 cooperentur
693 3052 726 3111 in
749 3053 887 3112 bonum:
917 3063 949 3112 et
977 3053 1074 3112 malis

275 3166 303 3207 25
313 3151 422 3211 omnia
443 3149 636 3227 proveniant
665 3151 704 3210 ad
726 3167 864 3226 poenam
895 3161 1072 3211 aeternam.

313 3248 341 3309 Α
369 3248 488 3325 quibus
518 3246 613 3306 malis
641 3264 729 3306 nunc
760 3258 793 3307 et
821 3247 854 3306 in
877 3265 993 3308 aevum
1018 3266 1072 3308 cu·

312 3346 430 3407 stodiat
452 3362 513 3405 nos
535 3345 609 3421 pius
637 3355 668 3404 et
698 3344 886 3405 misericors
910 3345 1073 3406 Dominus

312 3444 409 3504 iudex
431 3444 537 3504 iustus
560 3453 591 3503 et
613 3442 741 3518 patiens
759 3443 918 3503 redditor:
941 3443 997 3519 qui
1020 3454 1071 3504 est

312 3559 412 3617 super
433 3541 543 3601 omnia
559 3541 650 3600 Deus
665 3540 859 3601 benedictus
881 3540 914 3599 in
930 3542 1070 3601 saecula.

275 3639 428 3699 aoAmen.
