2692 4659
364 687 525 739 mm
554 688 717 732 SERMONES
732 690 772 731 ΑΙ)
789 689 938 733 NOVICIOS
963 692 1127 745 fflwfflw

366 837 514 896 magnam
537 824 641 882 aDeo
660 824 918 884 consolationem
941 824 1029 885 intus
1051 843 1125 901 per·

366 918 503 994 cipietis
547 920 665 981 Omnis
695 922 869 998 religiosus
890 922 923 981 in
948 923 1124 983 oboedien-

366 1016 409 1075 tia
430 1017 547 1078 vivens
568 1029 699 1094 paratus
714 1037 807 1079 suam
822 1021 1022 1081 voluntatem
1039 1022 1125 1081 iran-

365 1132 452 1190 gere,
474 1126 570 1192 atque
590 1117 733 1192 praelato
755 1134 815 1177 suo
833 1119 1000 1179 humiliter
1014 1119 1125 1179 nitens

342 1214 538 1291 soboedire3
560 1215 622 1275 iste
638 1215 799 1276 veraciter
820 1217 853 1276 in
869 1216 984 1292 spiritu
1001 1227 1125 1294 martyr

365 1311 523 1372 efficitur:
565 1314 717 1389 quamvis
752 1315 910 1375 materiali
946 1316 1053 1392 gladio
1089 1315 1123 1375 in

366 1411 449 1470 collo
479 1428 545 1470 non
576 1412 719 1473 feriatur.
764 1413 802 1473 Et
823 1413 1022 1490 quicumque
1051 1431 1124 1489 per-

366 1506 470 1567 fectae
493 1509 732 1569 mortiflcationi
758 1519 823 1570 tota
845 1510 907 1585 die,
938 1511 970 1570 id
993 1520 1043 1570 est
1065 1527 1125 1586 per

365 1614 467 1665 totum
490 1617 620 1682 tempus
641 1608 727 1667 vitae
749 1625 828 1668 suae
851 1626 887 1668 se
909 1608 1021 1683 tradit,
1045 1608 1123 1667 sim·

331 1703 440 1779 ioplici
471 1722 510 1764 ex
541 1706 655 1780 corde,
684 1705 904 1781 oboediendo,
936 1706 1122 1781 exemplum

364 1800 515 1862 Abrahae
537 1802 696 1863 imitatur:
726 1803 780 1878 qui
804 1803 937 1863 unicum
967 1803 1122 1863 dilectum

365 1899 466 1959 filium
483 1918 579 1960 suum
597 1901 687 1960 Isaac
702 1900 736 1960 in
752 1901 978 1961 holocaustum
991 1900 1123 1975 offerre,

364 1997 463 2074 ligare
486 2007 518 2058 et
539 1999 689 2058 occidere
718 2015 784 2057 non
814 1998 986 2058 recusavit.
1030 1998 1122 2075 Legi·

364 2112 438 2155 mus
466 2096 561 2156 etiam
591 2097 631 2155 de
660 2095 783 2155 sanctis
812 2096 1008 2174 martyribus
1033 2097 1121 2171 quod

330 2211 354 2251 15
364 2210 422 2268 per
443 2193 573 2254 diversa
588 2203 824 2255 tormentorum
846 2211 967 2271 genera
984 2193 1122 2253 transie-

364 2301 439 2351 runt
460 2292 499 2351 ad
521 2309 620 2369 regna
642 2293 823 2353 caelorum:
848 2292 903 2369 qui
926 2310 992 2351 non
1014 2292 1121 2367 elege-

364 2400 438 2449 runt
466 2408 524 2466 pro
553 2408 612 2450 sua
633 2391 799 2450 voluntate
829 2391 957 2466 qualem
980 2405 1120 2465 poenam

363 2498 417 2547 aut
439 2498 576 2548 mortem
599 2497 803 2564 paterentur3
832 2489 889 2547 sed
912 2487 1054 2547 totaliter
1076 2486 1122 2545 di·

363 2586 458 2646 vinae
487 2586 681 2646 ordinationi
711 2603 748 2645 se
770 2585 1021 2645 commiserunt:
1051 2601 1122 2644 cor·

326 2698 424 2759 zopus
454 2695 485 2744 et
514 2684 653 2743 animam
678 2683 828 2745 Creatori
852 2700 911 2743 suo
940 2682 979 2741 ad
1011 2682 1123 2741 omnia

363 2781 554 2841 sustinenda
563 2793 749 2842 constanter
759 2782 956 2857 optulerunt.
980 2780 1121 2856 Quando

362 2878 460 2955 igitur
481 2879 600 2956 aliquis
621 2889 767 2939 vestrum
793 2879 882 2939 audit
909 2889 1121 2955 praeceptum

362 2977 424 3036 sibi
448 2977 644 3037 contrarium
668 2995 686 3036 a
707 2977 850 3053 praelato
866 2976 1000 3053 imponi,
1023 2986 1055 3036 et
1077 2986 1122 3036 ta·

363 3092 437 3134 men
460 3085 591 3150 paratus
613 3083 663 3134 est
685 3074 855 3134 oboedire:
878 3074 905 3133 si
928 3084 1005 3134 tunc
1021 3073 1120 3132 etiam

326 3171 428 3230 25vim
451 3171 513 3231 sibi
536 3171 597 3247 ipsi
615 3172 738 3232 inierre
754 3183 899 3245 conatur,
921 3181 1018 3247 atque
1034 3189 1122 3231 mur·

363 3269 577 3328 murationem
614 3269 837 3345 insurgentem
874 3269 1054 3345 compescit
1090 3278 1122 3329 et

362 3376 472 3442 necat3
494 3377 570 3426 tunc
592 3366 812 3442 gratissimum
829 3367 899 3426 Deo
921 3366 1119 3427 sacrificium

362 3464 395 3522 in
418 3483 472 3524 ara
494 3465 602 3525 cordis
624 3464 786 3524 immolat:
816 3475 847 3523 et
874 3481 947 3524 cum
971 3464 1120 3542 martyri·

362 3562 424 3620 bus
454 3564 494 3622 de
525 3563 620 3621 hoste
652 3562 756 3622 victor
787 3562 837 3622 sui
874 3562 978 3637 ipsius
1015 3563 1121 3623 factus

325 3669 496 3719 austrenue
519 3659 705 3734 triumphat.
748 3658 844 3719 Multi
874 3676 1015 3736 namque
1038 3678 1121 3719 mar·

362 3766 452 3834 tyres
474 3757 635 3817 violenter
665 3757 757 3817 tracti
787 3766 863 3817 sunt
890 3757 929 3816 ad
959 3774 1119 3832 carceres

727 3861 753 3902 7⁸
