2692 4659
353 686 515 739 mm
534 685 601 729 VITA
618 685 782 728 LlDEWlGlS
796 684 934 728 VIRGlNlS
953 686 1116 739 ffiffi

355 820 455 880 vellet
483 820 583 879 mori:
612 820 646 880 in
670 828 794 880 tantum
818 837 897 880 suae
919 819 1044 896 optioni
1068 837 1115 879 re·

355 918 521 992 nuntians,
542 918 628 995 quod
650 918 752 979 nollet
774 918 849 995 quia
871 917 1029 978 minimus
1044 935 1115 978 ver·

356 1016 497 1076 miculus
513 1033 571 1092 pro
587 1033 625 1075 ea
640 1017 723 1077 mori
739 1018 883 1077 deberet.
913 1016 989 1093 Quo
1006 1016 1113 1076 audito

356 1125 468 1175 sancta
489 1124 522 1174 et
544 1113 650 1174 lidelis
666 1114 731 1175 lilia
746 1123 950 1191 compuncta,
973 1124 1005 1174 et
1020 1113 1113 1174 matri

333 1211 544 1272 scordialiter
566 1229 753 1289 compassa3
775 1212 963 1272 hortabatur
980 1229 1052 1272 eam
1069 1229 1115 1271 sa-

357 1311 422 1371 cris
454 1311 564 1371 verbis
595 1313 635 1372 de
666 1313 810 1374 bonitate
840 1312 901 1371 Dei
934 1309 1115 1369 confidere:

357 1417 518 1484 quatenus
553 1408 716 1485 llagellum
749 1408 881 1469 Domini
914 1417 946 1468 et
977 1416 1113 1467 mortem

357 1507 484 1567 cunctis
507 1507 728 1568 inevitabilem
752 1508 913 1584 patienter
936 1506 1046 1566 ferret.
1079 1504 1115 1564 Et

357 1604 430 1663 ideo
467 1623 524 1682 pro
558 1605 776 1664 subventione
808 1623 867 1664 sua
898 1602 1114 1664 libentissime

323 1701 464 1762 roeidem
494 1702 626 1777 obtulit,
656 1712 688 1762 et
711 1720 751 1762 ex
772 1702 899 1779 integro
922 1700 1115 1777 resignavit:

357 1800 515 1876 quidquid
528 1801 592 1859 huc
606 1817 711 1877 usque
722 1800 798 1859 boni
810 1799 967 1861 meritorii
980 1799 1014 1860 in
1026 1815 1116 1858 exer·

359 1897 444 1958 citiis
467 1898 634 1974 virtutum,
656 1899 690 1958 in
711 1898 876 1958 laboribus
891 1914 928 1957 ac
944 1896 1116 1973 patientiae

358 1995 528 2056 tolerantia
557 2004 734 2056 consecuta
757 1995 883 2055 luisset.
928 1996 1019 2054 Haec
1042 2009 1114 2053 curn

358 2104 462 2155 mater
492 2095 563 2155 eius
594 2095 740 2156 audisset
770 2106 802 2155 et
831 2102 997 2172 gratanter
1026 2108 1117 2152 acce·

325 2193 478 2269 rspisset:
500 2193 533 2252 in
550 2193 610 2253 Dei
634 2192 859 2252 misericordia
877 2191 1000 2252 confisa
1016 2190 1116 2252 Crea-

359 2291 439 2350 toris
461 2292 512 2350 sui
536 2291 686 2351 manibus
708 2308 744 2350 se
760 2289 1010 2350 commendavit.
1046 2289 1118 2365 Ipsa

360 2400 468 2448 autem
491 2389 581 2465 virgo
603 2406 662 2464 per
682 2388 791 2448 omnia
806 2387 898 2448 matri
915 2405 995 2447 suae
1012 2386 1118 2446 lidelis

361 2505 465 2563 usque
481 2487 519 2546 ad
536 2497 674 2546 mortem
690 2503 898 2561 permanens
913 2496 945 2545 et
960 2484 1039 2561 quid
1055 2485 1117 2544 iam

361 2585 463 2662 egerit
473 2584 698 2659 considerans,
713 2595 745 2645 et
755 2585 847 2661 quasi
860 2584 1013 2643 omnibus
1023 2582 1119 2642 bonis

324 2684 515 2760 aooperibus
536 2682 701 2758 prioribus
723 2691 910 2743 evacuatam
932 2698 968 2741 se
984 2689 1119 2756 putans:

360 2783 477 2843 iterum
508 2781 546 2840 ad
572 2780 788 2840 inchoandam
811 2797 928 2839 novam
952 2779 1119 2855 paeniten-

360 2881 448 2954 tiam,
470 2879 551 2938 duro
574 2889 605 2938 et
627 2878 691 2938 lato
714 2895 750 2937 se
773 2877 902 2953 cingulo
921 2876 1054 2936 cilicino
1070 2893 1119 2935 ac·

361 2977 478 3051 cinxit3
508 2994 629 3035 novum
662 2976 808 3035 dolorem
840 2975 986 3034 adiciens
1015 2973 1118 3034 veteri

361 3074 481 3133 dolori:
510 3083 545 3134 ut
568 3074 658 3133 Deus
681 3073 841 3149 propitius
863 3072 924 3132 sibi
948 3071 1060 3146 lieret,
1089 3080 1120 3130 et

324 3189 351 3229 25
361 3171 494 3232 cuilibet
523 3171 650 3231 animae
673 3170 771 3231 lideli.
814 3170 879 3231 Sed
901 3179 974 3246 post
997 3169 1119 3245 aliquot

361 3286 464 3328 annos
486 3269 577 3345 virgo
600 3268 745 3328 accincta
762 3268 880 3343 cilicio,
902 3278 1035 3343 propter
1051 3284 1118 3327 cor·

360 3366 1116 3445 porissuiumoreshydropicos‚primocingulo

361 3481 400 3523 ex
423 3473 583 3524 vetustate
605 3464 684 3525 satis
707 3474 876 3541 corrupt03
901 3480 1032 3523 rursum
1056 3462 1116 3522 alio

361 3578 457 3636 novo,
480 3571 511 3622 et
526 3562 716 3621 successive
732 3561 805 3621 aliis
822 3560 971 3637 pluribus
987 3571 1116 3637 propter

324 3678 351 3718 ao
361 3659 559 3719 attritionem
571 3658 730 3735 depositis
746 3658 820 3718 lorti
836 3659 907 3718 zelo
923 3658 1113 3736 accingitur:

361 3758 464 3816 donec
487 3774 561 3816 cum
585 3757 699 3816 ultimo
722 3774 761 3816 ex
784 3758 844 3816 hac
866 3756 931 3816 vita
955 3757 1112 3833 migraret.

718 3861 759 3902 352
