2692 4659
365 684 526 736 &m
554 682 717 726 SERMONES
732 684 772 725 AD
788 683 938 725 NOVlClOS
963 683 1124 735 [mmm
1162 745 1165 752 Ι

366 816 507 877 dientiae
530 819 675 894 culpam:
697 834 756 893 per
777 817 940 893 serpentis
964 817 1125 876 fallaciam
1161 881 1164 886 ,

366 925 398 973 et
420 915 570 975 mulieris
592 914 825 991 insipientiam.
869 915 963 992 Quae
986 914 1122 974 nimium
1161 925 1165 1000 j

367 1012 499 1072 credula
509 1014 619 1074 verbis
630 1014 800 1074 diabolicis
815 1015 951 1090 decepta
966 1023 1016 1073 est
1032 1013 1124 1089 quin·
1161 1005 1165 1031 ³

366 1126 430 1185 que
452 1111 558 1171 modis
580 1112 613 1171 in
629 1113 775 1189 quinque
791 1112 945 1172 sensibus
961 1110 1124 1186 corporis:

343 1206 492 1268 sseilicet
513 1226 572 1284 per
593 1210 738 1269 auditum
763 1209 834 1269 falsi
857 1208 1037 1282 sermoniS‚
1066 1225 1126 1283 per

365 1305 473 1365 visum
495 1307 623 1382 pulchri
646 1307 783 1381 colori8‚
814 1324 873 1383 per
893 1316 1013 1367 tactum
1036 1305 1124 1381 pomi

366 1402 520 1479 noxialis,
551 1421 610 1479 per
631 1405 801 1465 odoratum
825 1405 901 1464 boni
933 1403 1061 1478 odoris,
1094 1415 1125 1463 et

366 1518 424 1576 per
453 1511 583 1577 gustum
616 1503 722 1563 dulcis
753 1502 889 1579 saporis
941 1502 1005 1563 Sed
1038 1502 1125 1577 quod

366 1599 460 1674 peius
482 1609 541 1675 est,
562 1609 691 1676 gustato
714 1600 873 1676 pestifero
889 1600 972 1675 cibo,
995 1599 1125 1675 decepit

332 1697 503 1757 roulterius
525 1698 631 1758 virum
654 1715 751 1757 suum
775 1698 972 1758 blandiendo
1002 1706 1034 1756 et
1063 1706 1125 1756 tra·

365 1793 472 1853 dendo
501 1795 531 1854 ei
561 1796 703 1855 fructum
733 1795 899 1855 illicitum:
929 1795 989 1854 sub
1019 1810 1126 1869 poena

365 1892 480 1951 mortis
501 1894 659 1954 ambobus
675 1893 894 1953 interdictum,
927 1892 998 1951 Hoc
1014 1901 1124 1951 autern

366 1991 450 2049 rnalo
472 1999 596 2051 temere
619 2001 814 2068 perpetrato,
836 1991 938 2051 iratus
960 1999 1011 2049 est
1031 1990 1126 2049 Deus

366 2089 558 2163 expellendo
581 2107 656 2149 reos
688 2090 728 2149 de
756 2088 908 2165 paradiso
931 2087 1125 2162 voluptatis:

332 2184 406 2244 rsde
421 2186 654 2246 amoenissimo
671 2197 703 2248 et
718 2185 925 2263 quietissimo
936 2185 1007 2243 loco
1023 2185 1126 2244 totius
1164 2243 1165 2270 3

366 2282 471 2358 orbis;
500 2295 532 2343 et
560 2284 598 2344 ad
627 2284 785 2361 agendam
814 2280 1046 2359 paenitentiam
1070 2281 1126 2340 de-

365 2381 460 2440 trusit
483 2398 540 2441 eos
562 2382 595 2441 in
618 2383 717 2442 huius
747 2381 858 2441 mundi
889 2379 1021 2440 exilium
1044 2387 1125 2437 tarn-

365 2495 461 2553 quam
485 2480 518 2538 in
535 2496 713 2555 carcerem,
735 2480 774 2539 ad
790 2476 1052 2538 manducandum
1070 2493 1124 2550 pa·
1149 2523 1163 2572 ,⁶

366 2593 440 2635 nem
471 2577 591 2636 laboris
620 2588 651 2637 et
681 2576 820 2651 doloris,
852 2573 979 2635 cunctis
1007 2571 1125 2631 diebus

328 2674 450 2733 aovitae
473 2691 603 2734 eorum:
633 2692 706 2733 curn
730 2673 896 2734 universis
918 2671 993 2731 filiis
1016 2679 1125 2745 poste-

366 2771 411 2830 ris
446 2773 516 2832 suis
552 2790 592 2832 ex
628 2790 742 2832 eorum
780 2771 907 2831 semine
937 2767 1125 2827 nascituris.

366 2868 455 2929 Istud
477 2870 598 2930 bellum
622 2871 707 2930 inter
721 2870 884 2930 diabolum
902 2876 933 2927 et
954 2865 1123 2925 hominem

365 2967 486 3026 tamdiu
498 2968 641 3029 durabit:
657 2968 812 3045 quamdiu
824 2969 1002 3026 humanum
1019 2980 1125 3039 genus
1155 2979 1165 3052 ζ

365 3076 514 3125 versatur
535 3065 568 3124 in
590 3075 686 3125 terra.
730 3064 768 3123 Et
790 3064 894 3122 donec
922 3059 1125 3134 compleatur
1159 3067 1165 3082 ¹

329 3178 356 3217 25
366 3163 543 3222 electorum
560 3180 735 3222 numerus:
757 3178 823 3219 non
839 3169 945 3219 cessat
960 3156 1124 3232 malignus

366 3261 500 3337 spiritus
528 3261 682 3338 persequi
705 3261 811 3320 bonos
840 3257 901 3318 sibi
932 3253 1125 3315 contrarios.

366 3359 431 3418 Sed
453 3370 561 3418 tamen
590 3359 664 3435 pius
687 3369 717 3419 et
747 3356 937 3417 misericors
961 3351 1126 3412 Dominus
1164 3380 1165 3388 κ

366 3457 457 3516 Deus
486 3457 610 3517 homini
641 3458 731 3533 lapso
761 3453 980 3530 compatiens:
1012 3450 1057 3510 ait
1086 3450 1127 3509 ad

365 3564 550 3629 serpentem
573 3563 767 3624 tortuosum,
789 3550 988 3611 invidiosum
1012 3554 1044 3606 et
1059 3564 1125 3606 ma-

328 3651 519 3712 solitiosum.
564 3652 754 3711 Inimicitias
783 3665 900 3726 ponam
931 3645 1018 3704 inter
1040 3653 1072 3702 te
1095 3653 1127 3702 et

365 3749 554 3809 mulierem:
583 3758 614 3808 et
636 3766 752 3808 semen
774 3758 865 3808 tuum
895 3754 927 3805 et
949 3758 1067 3802 semen
1090 3740 1126 3799 il-

727 3853 765 3893 rao
