2692 4659
234 1468 358 1543 Incipit
374 1469 528 1543 prologus
551 1468 585 1528 in
606 1483 766 1527 sermones
789 1467 833 1527 od
854 1467 996 1528 novicios

535 1566 703 1641 regulares.

236 1688 463 1909 ffillectis
492 1743 526 1803 in
556 1743 692 1805 Christo
723 1744 875 1804 iratribus
901 1744 995 1804 Inno-

368 1842 696 1918 centiosimpliciano
705 1859 742 1902 ac
751 1842 870 1903 ceteris
880 1842 995 1904 Cruci-

241 1938 295 1999 lixi
319 1939 507 2015 discipulis:
529 1957 641 2001 sacrae
663 1940 831 2017 religionis
853 1939 1018 2016 discipli-s

241 2037 995 2115 namdiiigentibus.Fratcrperegrinusinvaile

242 2134 449 2195 lacrimarum
465 2137 603 2213 degens:
619 2135 801 2196 orationum
813 2145 995 2197 vestrarum

243 2231 409 2291 iuvamina
430 2233 597 2293 humiliter
618 2243 744 2309 petens.
781 2233 847 2293 Pax
870 2231 995 2293 Christi

243 2329 275 2389 in
299 2331 452 2391 cordibus
467 2332 587 2392 vestris
607 2332 765 2392 abundet:
788 2340 819 2390 et
841 2329 996 2405 patientia

243 2428 413 2504 multiplex
435 2428 529 2489 vobis
551 2429 678 2490 etmihi
701 2429 734 2489 in
755 2445 852 2489 cruce
869 2427 994 2489 Christi
1007 2440 1032 2481 10

243 2526 455 2587 condonetur.
485 2526 662 2587 Sermones
684 2543 767 2604 quos
783 2543 842 2602 per
863 2526 995 2586 modum

244 2624 348 2683 dulcis
371 2624 555 2684 collationis
577 2642 635 2700 pro
651 2624 791 2685 noviciis
806 2623 928 2684 nostris
951 2622 996 2683 di·

244 2722 349 2781 versis
371 2722 503 2798 quidem
526 2722 728 2798 temporibus
752 2723 785 2782 in
808 2739 909 2782 unum
932 2723 996 2781 coi-

244 2818 323 2894 legi:
342 2819 435 2878 vobis
451 2820 484 2879 in
500 2820 632 2881 caritate
648 2820 891 2881 communicare
907 2819 996 2895 pium

244 2916 369 2992 censui,
391 2917 579 2995 iustumque
602 2917 795 2979 existimavi.
836 2917 997 2996 Quamvis
1008 2931 1033 2972 1⁵

244 3013 341 3090 igitur
362 3015 505 3077 incultus
520 3015 562 3076 sit
584 3033 704 3092 sermo,
727 3026 758 3077 et
776 3015 910 3076 materia
931 3031 996 3073 non

192 3127 194 3216 y
243 3112 357 3188 ardua3
372 3122 480 3174 tamen
494 3113 699 3189 simplicibus
710 3115 838 3189 placere
850 3112 997 3189 cupiens,

192 3225 193 3232 ¹
243 3210 329 3285 quod
341 3210 504 3269 Dominus
515 3209 686 3285 inspiravit
697 3220 729 3271 et
739 3211 841 3271 dedit:
857 3210 997 3270 libenter

192 3331 193 3406 i
243 3306 304 3381 piis
320 3317 353 3367 et
368 3307 497 3368 devotis
512 3307 615 3367 offero
631 3308 670 3367 ad
686 3308 871 3384 legendum.
899 3307 996 3384 Quod
1033 3327 1034 3334 ¹

243 3405 269 3463 si
293 3405 377 3465 torte
400 3404 598 3465 indiscretus
613 3422 723 3466 sermo
741 3405 927 3482 quempiam
950 3404 1033 3464 of-20

244 3502 393 3578 tenderit,
406 3512 482 3578 peto
493 3511 528 3562 ut
543 3503 639 3562 venia
654 3504 853 3563 concedatur
863 3503 995 3579 exiguo:

242 3613 337 3677 atque
360 3600 394 3660 in
413 3599 532 3660 melius
547 3602 754 3675 reformetur,
776 3602 863 3677 quod
885 3600 996 3660 absur-

241 3699 315 3758 dum
328 3698 412 3758 toris
424 3716 541 3758 sonare
552 3699 690 3759 videtur.
714 3699 752 3759 Et
762 3698 838 3775 quia
848 3699 997 3773 exempla

614 3804 628 3843 ³
862 3767 1026 3914 143„
