2692 4659
238 630 563 683 mmmmm
601 628 639 670 xx
678 626 999 680 maaeaaaoaoso

240 772 454 840 congregant:
477 779 560 839 quae
581 779 694 823 secum
712 762 797 822 ferre
813 760 1000 820 nullatenus

240 869 388 937 possunt.
445 861 514 920 Vae
549 859 701 936 superbis
736 870 768 919 et
804 858 930 935 magnis
965 857 998 917 in

239 957 346 1018 oculis
367 956 456 1034 suis;
484 957 538 1034 qui
562 956 779 1017 humilitatem
806 958 997 1016 devotorum

239 1065 410 1131 spernunt,
426 1055 666 1131 simplicitatem
683 1053 848 1115 derident:
864 1070 999 1129 pauper·

239 1163 338 1213 tatem
355 1153 522 1214 miseriam
533 1164 661 1226 vocant,
677 1150 917 1213 oboedientiam
930 1168 1022 1226 par-s

239 1251 271 1311 vi
301 1252 465 1328 pendunt3
496 1251 683 1328 patientiam
715 1268 733 1309 a
762 1266 798 1309 se
828 1249 1000 1324 repellunt,

240 1349 422 1410 castitatem
445 1351 529 1409 male
558 1349 761 1410 custodiunt:
791 1356 822 1408 et
845 1345 999 1406 crucifixo

240 1447 403 1509 contrarie
425 1448 549 1508 vivunt.
580 1448 649 1507 Vae
671 1445 820 1506 delicatis
842 1455 873 1504 et
895 1442 999 1503 curio-

240 1546 303 1622 sis,
335 1545 390 1623 qui
421 1563 551 1607 carnem
583 1563 676 1606 suam
706 1543 805 1604 nimis
835 1543 946 1603 fovent
968 1551 999 1602 et

242 1642 321 1703 loris
343 1642 492 1703 vestibus
513 1651 645 1703 ornant:
675 1652 706 1702 et
735 1642 876 1701 animam
905 1656 997 1699 suam
1010 1659 1035 1701 ιο

242 1741 418 1817 neglegunt
452 1750 484 1801 et
523 1739 667 1817 peccatis
703 1739 875 1800 maculant.
931 1738 999 1797 Vae

242 1838 348 1899 avaris
379 1847 412 1899 et
442 1838 641 1914 ambitiosis3
677 1838 732 1915 qui
764 1855 822 1914 pro
859 1835 999 1896 terrenis

242 1936 337 1996 bonis
366 1946 399 1997 et
427 1936 608 1997 honoribus
636 1936 774 1995 multum
800 1934 946 1994 laborant
968 1940 999 1991 et

243 2050 340 2110 saepe
363 2033 505 2111 litigant:
534 2043 566 2094 et
594 2050 652 2109 pro
683 2031 880 2093 caelestibus
903 2029 999 2091 bonis

244 2141 274 2191 et
296 2130 440 2192 aeternis
460 2130 588 2207 gaudiis
615 2148 728 2207 parum
758 2146 854 2207 agere
881 2138 912 2189 et
934 2126 998 2204 pati
1011 2148 1036 2188 15

244 2237 390 2304 possunt.
434 2229 510 2289 Ideo
532 2238 662 2289 terrena
684 2229 874 2305 frequenter
892 2225 1000 2285 subito

243 2328 399 2403 perdunt:
441 2336 473 2387 et
516 2326 669 2387 caelestia
711 2343 776 2386 non
818 2323 999 2400 acquirunt.

244 2425 349 2485 Nemo
372 2425 460 2486 enim
482 2434 589 2501 potest
608 2424 661 2484 hic
676 2424 818 2501 gaudere
840 2438 914 2481 cum
931 2437 999 2479 sae·

243 2525 332 2584 culo:
364 2533 397 2584 et
427 2523 470 2583 ibi
502 2539 639 2599 regnare
670 2539 744 2582 cum
775 2520 909 2582 Christo
941 2535 999 2593 pro

243 2622 337 2682 nobis
366 2621 532 2682 crucifixo.
576 2622 650 2681 Non
680 2630 730 2680 est
751 2635 869 2679 servus
897 2615 1036 2676 maiorao

242 2720 374 2781 domino
406 2736 467 2779 suo
495 2736 556 2779 nec
585 2718 767 2794 discipulus
796 2715 913 2775 melior
934 2730 999 2772 ma·

241 2818 342 2894 gistro
364 2834 443 2877 suo:
465 2834 562 2894 quem
586 2816 754 2892 oportebat
776 2814 839 2890 pati
857 2829 999 2887 crucem,

242 2925 272 2975 et
280 2914 324 2975 ita
332 2914 455 2975 intrare
467 2913 499 2974 in
510 2914 644 2992 gloriam
656 2930 760 2974 suam.
779 2911 817 2971 Et
828 2921 916 2972 certe
926 2919 999 2987 post

242 3012 438 3074 brevissima
451 3012 537 3072 vitae
553 3012 651 3072 buius
665 3011 797 3089 gaudia:
818 3018 1001 3087 sequuntur

242 3121 373 3172 aeterna
395 3112 546 3172 lamenta.
583 3111 621 3171 Et
642 3120 720 3171 tunc
738 3109 862 3169 duriter
877 3108 1035 3168 crucia-25

243 3207 779 3286 bunturinigneetsulpbure:qui
791 3207 887 3267 modo
899 3207 998 3267 edunt

246 3305 328 3367 laute
344 3316 377 3367 et
392 3306 536 3368 abunde:
553 3316 585 3367 et
596 3307 711 3368 bibunt
721 3306 833 3366 vinum
846 3321 919 3365 cum
932 3304 997 3363 risu

248 3414 276 3463 et
285 3405 468 3467 dulcedine.
485 3406 557 3466 Nisi
568 3405 656 3466 enim
667 3404 711 3464 ait
721 3402 883 3464 Dominus
891 3401 999 3477 paeni·

250 3504 376 3564 tentiam
399 3504 546 3581 egeritis:
575 3520 691 3564 omnes
720 3501 817 3562 simul
840 3499 998 3577 peribitis.

285 3600 365 3661 Sunt
387 3601 539 3662 homines
560 3601 715 3661 mortales
743 3599 798 3676 qui
822 3615 913 3658 suam
937 3598 1035 3658 ira-so

256 3693 397 3767 gilitatem
420 3716 485 3760 non
509 3699 729 3774 considerant,
758 3714 819 3758 nec
841 3696 997 3756 vilitatem

600 3804 636 3845 rar
